3040 4732
635 233 756 289 LIBER
783 232 930 289 PRIMUS

668 737 771 814 ODE
797 739 901 814 XIX.

540 995 543 1002 '
663 987 901 1064 ROSETUM.

177 1235 355 1290 Invisibilia
378 1237 449 1291 enim
471 1238 586 1306 ipsius...
602 1253 654 1307 per
671 1253 710 1306 co,
730 1253 796 1306 orme
808 1239 887 1306 factu
904 1245 976 1307 sunt,
1002 1237 1135 1292 intellectu
1159 1238 1370 1306 amiciuntur.

248 1326 253 1333 “
678 1325 769 1398 (Rom.
789 1328 814 1396 1,
833 1328 890 1397 20).

466 1564 614 1642 Salvete
631 1566 726 1642 veris
742 1567 899 1661 nuntiae,

515 1681 663 1758 Salvete
679 1708 863 1759 connexae
880 1684 999 1759 rosae!

464 1797 641 1874 Fenestra
658 1798 705 1875 sit
722 1797 825 1874 vobis
843 1797 938 1893 data,

513 1913 632 2006 Quam
649 1914 778 1991 bruma
795 1914 974 1992 condebat
991 1913 1087 2012 gelu.

465 2028 595 2105 Colore
612 2029 869 2106 formosissimo

513 2144 590 2220 Vos
608 2144 730 2242 largus
748 2156 898 2222 exornat
916 2145 1042 2222 Pater:

465 2259 498 2337 Ο
515 2260 627 2337 vestis
644 2261 880 2356 innocentiae,

513 2376 622 2452 Nunc
639 2388 677 2454 te
695 2376 812 2453 saluto
829 2377 976 2476 millies3

465 2492 562 2584 Quid
579 2503 634 2569 est
652 2519 773 2568 amore
790 2492 989 2591 pulchrius,

513 2609 658 2703 Amore,
678 2635 785 2707 quern
802 2609 899 2706 parit
916 2608 1034 2684 fides?

466 2724 498 2801 O
516 2724 629 2800 vestis
645 2725 882 2820 innocentiae,

512 2840 567 2917 Te
584 2840 724 2916 consuit
742 2839 880 2916 Christi
898 2867 1037 2920 manus.

464 2957 489 3032 J
493 2983 560 3051 am,
581 2983 690 3055 quum
708 2955 855 3032 lavacro
871 2957 1041 3054 tingerer,

513 3072 596 3148 Hac
616 3083 717 3147 veste
734 3070 919 3170 fulgebam
937 3099 1041 3172 puer3

465 3189 517 3263 At
534 3187 713 3263 invidus...
733 3186 796 3263 sed
814 3186 985 3286 lacrymis

420 3333 422 3337 ·
514 3303 673 3402 Oparce
690 3303 835 3378 testudo
852 3303 954 3379 meis.

465 3420 607 3496 Deoora
624 3419 746 3514 vestis,
768 3418 803 3514 (o
820 3418 960 3517 precor)

513 3535 571 3611 Ne
588 3535 749 3634 polluare
766 3535 956 3630 sordibus,

463 3651 531 3727 Vir
548 3678 637 3746 sum,
656 3652 830 3749 magister
847 3662 884 3726 et
900 3651 984 3726 novi
1009 3656 1017 3674 '

511 3761 585 3842 Diu
602 3767 771 3842 sacerdos
788 3767 819 3841 F
822 3766 971 3842 oederis.

464 3883 583 3960 Odore
594 3883 860 3981 jucundissimo

511 3999 708 4096 Fragratis,
728 4026 749 4074 o
767 3997 892 4075 dulces
909 4026 1029 4098 rosae3

464 4115 636 4192 Mulcetis
653 4142 769 4208 auras,
789 4115 945 4190 incolam

500 4215 695 4308 'conclave
714 4230 874 4309 delectat
891 4257 1008 4306 suum.
