3030 4734
658 244 871 298 CARMINUM

632 746 733 822 ODE
760 747 903 823 XVIII.

332 1004 397 1079 An
423 1003 572 1079 NIGEN
598 1005 845 1080 vlnolunu
870 1004 962 1081 1)Εο
989 1006 1196 1081 SAORAM.

230 1259 369 1314 Habemus
386 1269 474 1315 autem
495 1263 649 1316 thesaurum
666 1265 748 1316 iatum
765 1266 794 1317 ia
811 1267 887 1317 uasis
898 1265 1038 1332 fictilibus,
1056 1271 1088 1316 ut
1103 1265 1254 1317 sablimitas
1272 1267 1313 1317 ait

283 1347 286 1354 ’
424 1353 531 1405 virtutis
552 1353 610 1420 Dei,
630 1361 654 1405 et
671 1371 725 1408 aaa
743 1371 776 1406 ex
793 1355 877 1406 nobis.
899 1353 928 1423 (2
948 1353 1006 1406 Gor.
1025 1354 1051 1420 4,
1071 1353 1111 1422 7).

239 1589 271 1665 Ο
289 1594 519 1669 memoranda
536 1594 621 1688 dies,
643 1622 713 1693 qua
730 1595 843 1670 sacris
860 1595 999 1692 percita
1015 1595 1177 1686 fiammis,

336 1707 385 1782 Et
403 1711 541 1807 patriae
560 1710 717 1786 melioris
736 1738 855 1785 amore

239 1820 360 1920 Rapta
376 1838 543 1902 monente
561 1825 639 1900 Deo
656 1826 785 1900 florens
797 1826 1020 1924 juvenilibus
1038 1825 1141 1900 annis

336 1941 496 2015 Aetemo
515 1942 585 2016 tria
597 1953 687 2016 uota
705 1941 845 2039 parenti

238 2051 399 2131 Vovistil
419 2055 575 2133 Lauare
593 2057 756 2132 homines
775 2056 992 2156 spectacula,
1012 2055 1110 2132 coelo

336 2171 520 2247 Gaudenti
539 2176 699 2269 patuere,
721 2174 885 2248 sacerdos

238 2287 469 2364 Auctoritate
486 2301 615 2386 potens
633 2289 734 2366 festis
751 2289 914 2364 interfuit
931 2290 1041 2363 unus!

336 2402 381 2500 Ε]
386 2430 406 2477 a
424 2431 491 2501 age
510 2404 693 2479 fortunata
710 2415 891 2480 memento

240 2515 358 2592 Dulce
370 2519 502 2616 jugum
520 2520 678 2617 Domini,
697 2520 789 2594 casti
808 2519 988 2594 connubia
1005 2518 1127 2611 Verbi,

336 2633 386 2709 Et
404 2661 556 2733 sponsae
575 2635 781 2710 venerabile
799 2661 938 2728 nomen,

240 2746 357 2824 Corde
374 2750 520 2826 revolve
537 2752 598 2849 pio
617 2751 775 2848 supremi
794 2751 937 2826 culmen
956 2749 1116 2855 honoris!

336 2865 467 2940 Nonne
486 2866 622 2942 Parens
641 2894 660 2940 e
677 2865 840 2964 millibus
856 2891 965 2944 unam

239 2977 292 3052 Te
309 2979 403 3075 tulit,
423 2992 464 3055 ut
482 2981 620 3079 legeres
639 2981 836 3078 fragrantia
854 2979 929 3054 lilia
945 2980 1063 3078 campi

336 3096 529 3194 Virgineas
546 3098 688 3172 imitata
706 3123 854 3188 sorores,

241 3210 339 3302 Quas
357 3213 425 3287 sibi
443 3213 613 3288 continuo
632 3213 775 3288 divinus
794 3212 955 3286 vindicat
972 3213 1109 3308 Agnus,

337 3327 391 3404 Ut
404 3329 497 3404 coeli
516 3329 718 3427 spatientur
735 3327 773 3401 in
790 3327 918 3402 horto?

241 3440 315 3517 Uni
334 3443 458 3519 vincta
475 3445 553 3519 Deo
571 3445 752 3519 thalamos
769 3470 879 3518 exosa
892 3441 1039 3540 jugales

337 3559 501 3654 Exsulta,
521 3560 616 3635 bona
632 3560 742 3634 filia...
763 3559 914 3656 sponse,

242 3670 407 3749 Candida
424 3676 536 3773 virgo,
556 3686 619 3750 tuo
636 3702 703 3751 neo
724 3676 791 3750 erit
808 3673 996 3749 formosior
1013 3672 1117 3764 ullus,

340 3789 420 3865 Nec
438 3790 573 3884 melior,
595 3791 789 3888 sapientior
806 3816 974 3888 unquam,

240 3903 442 3981 Nobilitate
459 3934 584 4005 parem
601 3918 701 3982 totus
718 3933 790 3981 non
808 3905 969 3980 continet
988 3905 1092 3998 orbis,

338 4021 473 4095 Nullus
490 4020 597 4096 homo
614 4022 828 4119 locupletior
845 4020 925 4096 illo!

243 4137 323 4214 Rex
341 4138 443 4213 sedet
460 4136 497 4208 in
514 4136 623 4227 coelo,
643 4137 799 4212 radianti
817 4137 898 4211 luce
916 4148 1095 4230 coruscat,

340 4253 391 4329 Et
409 4250 572 4326 volucres
591 4251 667 4324 sine
684 4278 831 4349 corpore
849 4263 988 4328 turmae
