2972 4738
549 246 668 301 LIBER
696 247 841 302 SEXTUS
1044 241 1047 248 '
1224 240 1276 294 281

110 435 218 528 Rura,
238 459 304 510 nec
321 433 510 508 invenient
525 432 650 509 hostes
668 433 876 514 habitacula
893 444 1032 509 nostra.

208 549 285 648 (M.)
304 548 439 624 Dulcia
455 559 492 624 te
509 549 657 646 vigilem
677 548 861 624 delectant
878 549 1025 642 somnia,
1045 549 1222 647 Daphne!

109 666 238 741 Hostis
254 663 400 762 iniquus
418 666 518 738 odeat
533 664 748 740 metuendus
767 664 913 740 acinace
930 675 1040 757 tecte,

109 780 386 878 Praedonesque
405 779 483 877 lupi
500 805 565 876 per
583 778 684 854 culta
700 790 840 854 remota
858 791 1051 877 vagantur:

37 975 42 987 ,
108 895 237 972 Vellus
254 896 333 971 ovis
352 894 532 987 simulant,
554 921 624 992 quo
642 895 872 992 decipiantur
890 896 1056 970 inermes.

112 1011 258 1087 Semina
275 1010 501 1105 dantsulcis,
523 1009 699 1106 et‘fruges
717 1010 846 1086 horrea
861 1021 1041 1109 rumpent.
1101 1063 1103 1070 ι

110 1127 221 1203 Plura
238 1127 304 1202 tibi
323 1126 486 1223 Thyrsus
503 1136 626 1200 narret
644 1125 871 1220 venerabilia,
892 1137 978 1220 orat,
1010 1146 1015 1153 ’

110 1243 396 1335 (londensantur,
417 1243 477 1336 ait,
497 1241 621 1336 nubes,
642 1242 755 1316 micat
773 1242 918 1339 ignibus
937 1233 1083 1318 aetheri

208 1358 281 1456 (D.)
303 1358 360 1434 Sit
375 1385 506 1432 nomen
520 1343 673 1433 'Domini
690 1358 945 1433 benedictum!
965 1368 1046 1433 tuta
1064 1357 1250 1455 quiesce...

109 1473 179 1548 Est
196 1474 297 1549 Deus
314 1474 352 1548 in
369 1473 482 1566 coelo,
503 1474 563 1572 qui
580 1484 672 1547 nutu
690 1483 870 1570 temperat
887 1475 1019 1568 orbem,

39 1651 41 1656 .
110 1583 160 1664 Et
178 1589 310 1687 capitis
327 1601 494 1670 numerat
512 1589 630 1664 crines
648 1598 685 1662 et
703 1587 779 1662 lilia
796 1589 918 1663 vestit.

109 1705 194 1780 Non
211 1731 269 1779 me
288 1704 482 1779 sollicitam
499 1714 599 1779 tenet
617 1703 725 1778 anxia
743 1709 840 1800 cura,
861 1704 1022 1800 quies003

110 1820 181 1912 Qui
200 1815 312 1896 vitam
330 1820 459 1896 tribuit
474 1820 589 1917 nobis,
609 1821 769 1894 servabit
786 1820 958 1895 eandem!

109 1935 375 2034 Transadigant
392 1935 514 2034 gladio
532 1947 654 2010 costas
672 1946 736 2011 aut
753 1946 903 2034 pectora
920 1946 1102 2033 rumpant,

109 2052 292 2148 Tempora
308 2052 532 2132 contundant
549 2053 653 2144 ictus,
674 2062 711 2126 et
728 2051 860 2148 glande
877 2052 1063 2126 cerebrum

109 2165 335 2242 Perfodiant:
353 2168 486 2241 moriar
502 2167 598 2242 laeto
617 2167 814 2242 certamine
833 2167 964 2241 victrix
977 2168 990 2242 l

145 2341 149 2350 .
205 2283 285 2378 (M.)
305 2283 496 2358 Praeivdre
515 2283 624 2358 duces
642 2282 821 2367 (efferbuit
840 2283 894 2356 ira
912 2283 1109 2376 Quiritum)

108 2397 290 2496 Exemplo
308 2399 485 2474 celebres:
505 2410 658 2496 pereunt
675 2406 844 2473 mucrone
862 2398 983 2492 feroci,
1064 2387 1066 2390 ⁵

107 2499 506 2616 immergunturaquis,
526 2515 671 2590 flamma
688 2515 890 2613 crepitante
908 2525 1091 2607 necantur,

108 2629 333 2729 Praecipites
351 2631 430 2724 acti,
452 2630 614 2730 lapidum
633 2631 699 2704 sub
718 2630 892 2734 grandine
911 2630 989 2704 dira

110 2744 344 2821 Occumbunt
360 2745 503 2841 hilares,
524 2747 677 2845 pedibus
695 2744 886 2820 calcantur
903 2769 1085 2844 equorum,

108 2860 245 2960 Sparsa
262 2885 389 2937 cruore
408 2874 537 2937 vorant
554 2863 731 2956 immanes
749 2861 911 2936 membra
928 2854 1062 2954 leones

106 2977 156 3051 ln
168 3005 272 3056 cruce
290 2979 456 3076 suspensi
473 2989 697 3077 torquentur,
717 2988 753 3051 et
771 2976 844 3051 alta
862 3004 997 3074 vorago
1061 2963 1064 2972 ¹

107 3093 458 3191 Contegitinjectos,
479 3093 635 3173 lassatur
653 3095 769 3192 lictor,
789 3107 827 3172 et
843 3096 912 3194 ipsi
1029 3167 1031 3172 .

105 3207 256 3284 Devicti
273 3208 435 3304 vincunt,
456 3221 493 3285 et
509 3220 624 3286 morte
642 3211 803 3286 feruntur
821 3211 867 3286 ad
884 3221 992 3286 astra.
1145 3195 1149 3204 ’

204 3323 279 3416 (1).)
295 3325 390 3401 Sunt
406 3326 593 3430 hominum
612 3327 707 3401 vires
726 3311 903 3424 infirmae,
923 3328 959 3402 ni
977 3327 1077 3402 Deus
1095 3324 1198 3418 adsit,

106 3437 319 3534 Sternimur,
338 3441 466 3517 infelix
484 3441 590 3534 video
607 3442 757 3517 meliora
775 3443 968 3542 proboque,

103 3554 296 3630 Deteriora
314 3583 443 3655 sequor
460 3558 706 3656 -sprevisse
724 3558 884 3656 pericula
901 3558 981 3633 visa
1114 3605 1117 3612 .

103 3671 241 3746 Mentis
258 3671 365 3770 inops
383 3673 536 3770 trepido,
556 3673 663 3748 video
680 3700 776 3749 nunc
796 3669 889 3749 ostia
906 3667 1054 3770 cannae,

104 3785 207 3895 Quae
225 3787 396 3890 glandem
414 3789 573 3864 vibrabit
591 3800 704 3882 atrorr,
724 3789 936 3888 gelidusque
953 3817 1018 3889 per
1037 3777 1136 3865 artus

103 3900 141 3976 It
158 3903 289 3979 sudorl

201 4019 284 4115 (M.)
303 4020 470 4095 Redeunt
485 4015 646 4097 flores'et
663 4023 828 4128 gramina
846 4022 967 4120 campi

101 4133 201 4210 Vere
215 4123 323 4229 novo,
344 4136 464 4235 spicas
482 4137 652 4234 gravidas
670 4138 939 4238 rubicundaque
957 4166 1066 4236 poma

100 4249 256 4326 Torrida
272 4251 343 4328 fert
360 4263 488 4348 aestas,
509 4253 627 4352 plenis
644 4251 763 4332 tumet
779 4283 851 4330 uva
867 4255 1019 4332 racemis
