2988 4730
584 256 704 312 LIBER
735 255 899 312 TERTIUS
1274 246 1325 302 155

236 445 348 539 “Des
370 443 432 519 ubi
450 443 656 538 consistam,
676 442 815 520 coelum
832 455 1036 543 terramque
1054 444 1248 540 morehel„

336 562 440 638 Haec
458 561 581 660 magni
598 573 765 660 portenta
781 562 922 658 laboris,

235 678 376 776 Magna
391 690 622 754 reservantur
638 705 751 777 parvo
767 690 935 777 portenta
951 678 976 754 J
980 677 1101 753 oanni!

336 793 441 869 Bella
457 804 586 892 gerant
602 794 761 870 crudelia
777 820 890 892 reges,

233 908 416 984 Fulminis
433 909 546 985 instar
563 921 656 1003 eant,
676 921 802 1007 gentes
821 910 1034 1007 subigantur
1052 920 1089 984 et
1105 909 1248 986 urbes...

335 1024 405 1099 Est
422 1023 548 1100 melior
566 1025 719 1101 victoria
735 1025 854 1123 pacisl

233 1138 380 1214 Laurea
397 1152 492 1216 serta
510 1141 644 1217 ducum
663 1141 778 1240 sparsi
795 1151 1028 1216 monumenta
1046 1140 1198 1217 cruoris:

337 1253 442 1330 Serta
459 1256 589 1354 quibus
607 1267 691 1331 sunt
708 1257 852 1355 pinguis
871 1255 998 1354 olivae,

234 1367 493 1446 Emolumenta
509 1372 645 1447 ferunt!
664 1371 845 1448 Aetemae
863 1372 975 1447 verba
992 1372 1118 1447 salutis

334 1485 408 1561 Dat
425 1486 515 1561 miro
533 1513 695 1562 sermone
711 1488 738 1563 J
741 1514 909 1563 oannes...

233 1599 387 1699 Ingenio
405 1602 508 1696 tardi,
528 1603 658 1701 quibus
675 1614 730 1678 est
747 1603 989 1702 sapientia-
1006 1603 1127 1679 cuncti

334 1720 434 1794 Aure
451 1718 590 1812 bibunt,
605 1719 830 1817 juvenesque
849 1745 1037 1817 senesque3

232 1830 406 1931 Lympha
423 1833 519 1908 sitim
537 1845 697 1928 renovat,
717 1845 935 1910 renovantur
952 1836 1077 1910 verba:
1096 1836 1121 1911 J
1125 1863 1268 1930 oannes²

334 1945 404 2040 Qui
421 1949 566 2046 linguae
585 1949 771 2026 dulcedine
789 1950 910 2048 pollet,

232 2065 324 2140 Fert
341 2065 562 2164 susumque,
583 2092 697 2164 penus
713 2092 784 2141 non
802 2066 1022 2162 exhauritur,
1042 2078 1078 2142 et
1096 2094 1221 2144 omnes

333 2182 391 2255 En
409 2181 562 2279 dapibus
578 2193 787 2257 recreantur
804 2182 942 2280 opimis.

232 2295 289 2372 Ut
306 2297 462 2395 primum
482 2298 594 2373 solers
613 2298 777 2374 exercuit
795 2325 882 2374 arva
898 2298 1054 2390 colonus,

332 2413 452 2512 Larga
463 2441 596 2496 ¹manus
614 2413 677 2490 dat
694 2414 830 2489 semina
847 2414 959 2490 sulco:

231 2528 388 2604 Sordida
406 2529 517 2604 corda
533 2528 633 2604 lavat
652 2529 761 2604 verbo
778 2541 958 2605 macerata
975 2531 1124 2628 potenti,

331 2645 382 2721 Et
398 2645 560 2720 flammas
579 2645 764 2721 succendit
781 2645 921 2740 amoris,

229 2760 304 2853 Qui
323 2762 391 2836 sibi
413 2788 485 2837 non
502 2761 603 2853 vivit,
624 2760 687 2836 sed
705 2762 844 2859 quaerit
861 2761 959 2837 lucra
976 2763 1111 2857 salutis,

330 2877 397 2952 Vir
412 2878 527 2953 nostri
545 2877 799 2953 celeberrimus
817 2878 907 2952 aevi.

230 2979 354 3069 Horas
371 2993 454 3068 huic
471 2993 570 3091 operi
586 2992 714 3068 tribuit
731 3003 786 3068 ter
804 2993 960 3092 quinque
978 2993 1065 3068 dieii

332 3109 467 3185 Fervet
484 3135 574 3207 opus
591 3109 825 3185 redeuntibus
843 3110 955 3184 annis.

228 3225 329 3302 Ecce
347 3236 474 3324 quater
492 3225 609 3300 denis!
632 3225 828 3300 Macilento
845 3225 1001 3323 pallidus
1019 3252 1079 3300 ore

331 3340 434 3441 (Quis
451 3340 582 3435 credat,
601 3341 638 3416 ni
656 3340 754 3417 facta
771 3341 995 3439 loquantur?)
1038 3370 1045 3378 ·

227 3457 322 3533 Tam
339 3484 451 3555 grave
468 3467 590 3555 portat
607 3458 711 3533 onusl
733 3456 805 3533 Sed
823 3457 960 3533 fractae
978 3485 1127 3556 vespere
1145 3460 1241 3537 vires

327 3573 450 3648 Prima
466 3572 548 3649 luce
565 3573 679 3648 redire
691 3573 881 3671 jubenturl

226 3690 287 3764 En
304 3689 405 3765 Dens
421 3689 636 3766 incolumem
653 3689 769 3766 voluit
785 3715 928 3766 servare
944 3690 971 3765 J
974 3692 1141 3769 oanneml

327 3805 367 3882 Si
384 3817 506 3880 mutus
524 3805 586 3881 det
603 3805 714 3880 verba
730 3818 889 3904 repente,

228 3919 367 3997 Surdae
385 3921 414 3996 si
430 3931 581 4020 pateant
598 3947 712 4015 aureo,
732 3921 762 3997 si
780 3920 915 3996 lumina
932 3920 1066 4015 clausa,

327 4036 366 4113 Si
385 4036 493 4112 cedat
509 4035 565 4112 vis
583 4035 691 4113 effera
706 4036 836 4112 morbi:
944 4051 946 4058 ’

226 4153 343 4229 Fama
360 4153 460 4229 volat
476 4153 613 4252 pernix,
632 4152 824 4229 manifesta
842 4154 1003 4253 potentia
1021 4147 1127 4231 coeli:

325 4269 494 4368 Prodigio
511 4270 650 4370 potiore
666 4272 692 4347 J
695 4297 828 4348 oannes
