2988 4730
589 223 709 278 LIBER
742 225 906 282 TERTIUS

648 743 750 823 ODE
777 747 844 822 XI.

663 1025 842 1132 marm„

330 1301 417 1371 Aput
435 1304 522 1374 pisum
541 1310 580 1357 cst
598 1305 732 1372 sapientia
750 1312 775 1357 et
785 1305 930 1371 fortitudo.
949 1302 980 1373 (J
982 1303 1024 1356 ob.
1045 1301 1088 1370 12,
1109 1301 1166 1370 13).

284 1567 369 1644 Heu
387 1570 521 1644 dudum
540 1571 708 1668 lacrymis
725 1571 823 1669 rigas

382 1685 546 1779 Vultum,
567 1699 707 1762 moesta
723 1684 871 1786 parens!
892 1687 1048 1786 impigra
1064 1685 1128 1761 filii

283 1801 407 1899 Luges
426 1802 601 1877 desidiam
619 1804 682 1896 tui,

381 1917 527 1993 Pollens
544 1919 688 2016 ingenio
706 1931 812 1995 natus
830 1921 925 1995 iners
944 1921 1060 1996 sedet:

283 2032 416 2109 Verbis
434 2034 609 2112 sollicitas
628 2035 754 2129 levem,

381 2149 544 2248 impellis
562 2151 742 2249 precibus,
761 2151 969 2226 muneribus
986 2150 1110 2246 trahis,

283 2264 340 2339 Ac
360 2291 514 2362 poenam
532 2266 668 2364 repetis
686 2294 870 2363 gravem...

381 2381 467 2455 Heu
485 2381 606 2456 tundis
625 2381 772 2479 lapides,
794 2381 1014 2481 Aethiopem
1032 2381 1150 2456 lavas!

282 2495 412 2589 Mater,
432 2523 490 2571 me
507 2497 654 2572 miseret
672 2498 741 2572 tuil

381 2612 509 2688 Tradit
527 2639 649 2688 semen
667 2611 778 2688 humo
796 2613 963 2707 rusticae,
984 2613 1112 2688 horrea

283 2726 433 2825 Expleri
446 2728 524 2826 jam
542 2727 662 2802 animo
681 2729 795 2803 videt:

382 2842 509 2940 Spicas
526 2843 664 2940 grando
682 2843 773 2937 ferit,
795 2856 910 2920 strata
921 2846 1024 2944 jacet
1042 2872 1182 2943 seges...

165 2987 170 2992 ·
283 2959 343 3034 Ah
362 2961 442 3058 quis
460 2972 606 3058 pectora
625 2962 750 3036 saucia

380 3077 574 3152 Describat
592 3077 755 3152 calamo?
775 3078 813 3152 Si
831 3078 973 3175 genitor
992 3077 1116 3174 forem,

283 3193 478 3269 Censorem
496 3193 677 3291 lacrymas
694 3204 787 3268 tuas.

382 3308 493 3402 Quae,
515 3336 606 3406 quae
625 3309 701 3384 fata
717 3320 865 3385 manent
885 3309 1126 3407 (conquereris
1144 3307 1217 3406 pia)

283 3423 477 3500 Socordem
494 3452 647 3522 puerum
664 3429 809 3501 meum?
846 3493 850 3502 .

380 3539 512 3615 Infelix
529 3539 652 3638 gladio
671 3568 708 3616 se
727 3541 873 3639 perimit
890 3541 973 3616 suol

281 3654 341 3730 Ah
359 3681 423 3730 cur
441 3667 526 3730 sunt
542 3656 705 3732 homines
724 3657 791 3732 sibi

379 3771 455 3869 Ipsi
472 3771 612 3848 hostes!
633 3799 745 3871 puero
764 3772 929 3849 consului
947 3798 1037 3865 meo,

282 3887 354 3963 sed
373 3888 503 3964 solatia
519 3915 591 3963 non
609 3889 700 3964 feret

377 4003 488 4078 Matri
507 4004 730 4102 decrepitael
749 4005 867 4080 reddit
885 4031 986 4080 amor
1004 4005 1138 4080 vices...

283 4118 354 4196 Sed
372 4146 432 4196 cor
448 4120 567 4196 flebile
585 4121 650 4194 filii

378 4235 543 4313 Obdurat
560 4237 714 4335 glaciesl
734 4236 875 4312 tristiae
896 4235 1008 4333 (rogo)
