2988 4730
619 235 832 290 CARMINUM

304 421 477 497 Crudeles
495 422 665 520 gregibus
682 449 753 498 uon
771 423 919 499 adhibet
936 423 1050 522 lupos,

303 537 403 612 Num
427 550 530 614 sanet
546 539 709 614 medicus
727 539 877 616 vulnera
895 540 1112 637 languidus?

305 653 377 745 Qui
394 654 539 730 vinctus
557 654 731 752 gravibus
748 655 984 752 compedibus
1002 657 1094 732 ferat

402 769 568 869 Captivis
587 771 692 845 sociis
711 774 839 868 opem?

305 1001 433 1077 Omnis
450 1002 558 1076 turba
574 1001 702 1100 procul
720 1002 993 1100 desipientium!
1089 1070 1095 1076 .
1236 1029 1240 1040 ¹

305 1115 388 1190 Non
406 1116 511 1214 pellit
527 1117 705 1211 tenebras,
726 1118 786 1215 qui
804 1117 914 1193 radiis
931 1130 1043 1214 caret,

304 1233 436 1308 Fertur
454 1260 519 1330 per
537 1233 706 1327 salebrae,
724 1233 763 1308 in
778 1232 991 1309 barathrum
1008 1235 1081 1308 ruit

403 1348 538 1424 Oassus
556 1348 690 1424 lumine
708 1376 791 1424 cum
811 1350 897 1424 suis.

307 1581 363 1657 Sit
380 1592 504 1656 custos
521 1582 621 1680 adyti
640 1582 777 1657 viribus
795 1583 952 1680 integer!

306 1697 425 1795 Urget
442 1697 639 1789 sollicitum
657 1699 849 1774 continuus
866 1699 977 1792 labor,

306 1812 536 1890 Hostilemne
554 1814 676 1890 domet
692 1813 798 1890 miles
815 1815 1006 1908 acinacem,

405 1929 520 2020 Quem
537 1930 652 2004 morbi
671 1931 810 2006 cruciat
829 1931 952 2006 dolor?

308 2165 380 2240 Oor
399 2171 559 2238 scrutare
576 2173 690 2256 tuum,
710 2162 820 2238 funde
838 2191 965 2262 preces
984 2165 1075 2261 Deo,

309 2279 372 2356 Ori
389 2278 477 2354 tolle
495 2277 607 2373 cibos,
626 2304 708 2354 aere
726 2279 851 2378 inopes
863 2281 964 2379 juva,

308 2394 508 2470 Prudentes
526 2393 647 2468 animo
664 2395 844 2470 consule...
863 2407 900 2470 te
917 2423 1014 2492 rog0,

403 2511 517 2584 Aram
534 2536 579 2583 nc
598 2519 734 2584 temere
752 2513 873 2608 petas!

615 2971 719 3049 ODE
749 2972 857 3047 XIII.

390 3260 472 3334 nm
498 3259 849 3333 ORDINA'I'IONIS
874 3258 1078 3334 REDUOE.

151 3549 287 3601 Admoneo
313 3556 347 3616 te,
365 3555 397 3600 ut
418 3549 559 3600 remacius
586 3547 705 3614 proriam
730 3545 794 3610 Dei,
813 3553 935 3612 quaeest
953 3548 983 3598 ia
1009 3553 1031 3598 te
1052 3563 1101 3614 per
1126 3547 1328 3615 impetitorum

477 3653 606 3688 stanuum
625 3651 753 3688 nucarum.
768 3634 798 3702 (2
817 3633 888 3686 Tim.
908 3636 932 3700 1,
952 3635 993 3702 6).

227 3894 286 3968 En
302 3893 397 3970 redit
414 3891 511 3968 alma
527 3892 614 3984 dies,
635 3919 706 3989 qua
723 3917 795 3964 non
812 3889 900 3964 mihi
919 3890 1060 3965 dulcior
1076 3891 1160 3983 ulla,

326 4008 444 4084 Omne
461 4006 537 4080 dies
554 4006 747 4082 recolenda
763 4033 828 4102 per
845 4033 986 4097 aevum,

229 4125 262 4201 Ο
280 4124 380 4200 salve
397 4121 557 4223 pretiosa
575 4122 664 4216 dies,
683 4148 755 4218 qua
771 4133 881 4194 nacta
898 4119 1103 4196 ministrum

325 4241 386 4315 Me
397 4241 572 4337 juvenem
591 4236 807 4310 venerabilis
824 4261 888 4308 ara
