2962 4742
207 228 264 283 424
685 232 899 288 CARMINUM

309 421 378 518 (O.)
398 421 504 496 Vana
517 420 614 495 salus
628 419 818 494 hominis...
830 417 899 492 nisi
914 417 1079 516 supplice
1090 444 1181 493 voce
1193 443 1370 515 rogemus,

211 539 265 614 Ut
282 537 383 612 Deus
400 535 538 611 invicta
555 535 690 609 virtute
707 534 845 631 releget
862 534 899 607 in
917 555 1053 629 orcum,

210 653 283 744 Qui
299 655 453 728 nocuere
471 651 542 743 diu,
562 649 788 725 truculentos
806 649 998 724 daemonas
1016 675 1148 741 omnes,

210 767 324 842 Nulla
341 767 449 841 salus.
467 765 644 840 Homines
661 791 756 839 nunc
775 764 963 839 dictatoris
981 791 1140 862 egemus,

210 883 283 974 Qui
300 881 453 984 populos
470 892 577 978 cogat
593 891 768 954 renovato
785 879 893 954 corde
911 880 1058 955 subesse

210 998 379 1073 Numinis
395 997 559 1095 imperio.
579 994 765 1071 Christum
782 1007 962 1087 revocate,
984 1005 1159 1093 potentes,

209 1114 330 1211 Reges
349 1124 385 1188 et
401 1111 537 1210 populi,
556 1123 695 1186 vestras
713 1110 884 1208 expellite
901 1111 1009 1208 leges,

211 1229 262 1304 Et
279 1228 383 1327 pulso
400 1228 525 1303 morbo
542 1227 747 1324 respublica
764 1227 861 1301 laeta
878 1238 1053 1323 resurget.

169 1330 173 1340 ’
310 1343 383 1440 (Τ.)
403 1346 463 1418 An
480 1354 606 1417 tantus
624 1343 746 1418 veniet
763 1343 929 1437 dictator,
948 1353 985 1416 et
1002 1341 1098 1417 unde
1114 1331 1280 1439 patebit?

312 1458 381 1555 (Ο.)
400 1457 567 1534 Dictator
584 1458 718 1553 veniet,
737 1457 838 1532 dabit
854 1457 956 1531 illum
974 1457 1125 1532 daemon
1144 1456 1263 1532 iturus
1280 1499 1332 1512 -
1467 1497 1468 1500 ¹

211 1565 316 1650 Ecce¹
330 1573 417 1648 fami
435 1573 573 1648 sociata
590 1573 679 1668 lues,
700 1584 737 1648 et
755 1573 902 1670 sanguis
920 1585 957 1648 et
973 1573 1069 1670 ignis
1086 1617 1134 1628 -

211 1690 284 1765 Hic
304 1689 459 1764 dictator
477 1689 580 1763 erit...
599 1699 752 1786 quatuor
769 1689 963 1764 metuenda
978 1689 1142 1786 flagella!

309 1803 378 1901 (T.)
398 1804 449 1878 Es
468 1815 570 1878 rates
587 1831 774 1902 praesaga,
795 1831 907 1901 soror,
927 1805 955 1878 si
974 1804 1172 1903 pharmaca
1188 1805 1342 1905 prosint,

212 1919 391 1995 Praebeat
406 1917 469 1992 illa
485 1919 603 1993 Deus!

310 2034 384 2131 (O.)
402 2033 488 2108 Noli
505 2061 563 2108 me
580 2033 697 2108 dicere
714 2045 846 2128 vatem,
972 2123 975 2131 .

213 2151 275 2226 Me
292 2164 445 2227 ventura
461 2150 586 2243 latent,
607 2150 669 2224 sed
688 2177 767 2225 sum
785 2177 963 2248 praesaga
977 2150 1099 2244 futuri,

212 2267 272 2341 Ex
289 2266 355 2360 his,
376 2293 467 2365 quae
485 2266 600 2358 video,
621 2292 712 2363 quae
731 2276 814 2340 sunt
832 2278 993 2360 ventura,
1015 2267 1146 2342 revelo

213 2383 300 2457 Heu
316 2381 508 2456 mercatori
526 2380 719 2456 tribuenda
736 2382 888 2480 pecunia
905 2381 1015 2479 larga,

216 2497 302 2574 Sive
320 2497 421 2572 cibos
439 2509 593 2589 coemes,
614 2523 678 2572 seu
695 2507 816 2572 vestes
834 2498 984 2574 artubus
1003 2509 1120 2596 aptes,

216 2614 304 2690 Sive
321 2614 467 2688 domum
484 2625 626 2689 vastam
645 2640 708 2688 seu
726 2639 839 2711 parva
856 2615 1012 2712 mapalia
1029 2641 1190 2713 quaeras,

214 2730 347 2805 Omnia
364 2739 448 2803 sunt
463 2729 599 2827 passim
617 2729 732 2827 pretio
751 2729 895 2804 venalia
911 2757 1055 2827 magno.

214 2844 450 2920 Circumeunt
467 2844 582 2937 multi,
601 2844 809 2920 mendicant
827 2855 920 2919 teste
938 2854 1085 2937 remoto,
1126 2913 1127 2918 ,

215 2959 340 3033 Turba
357 2959 488 3057 stipem
505 2960 641 3057 rogitat
658 2959 810 3057 pulsatis
827 2959 945 3035 indice
963 2959 1080 3036 valvis
1097 3003 1146 3015 -

215 3075 316 3149 Ecce
334 3074 456 3172 puella
464 3073 595 3172 fumea,
615 3073 678 3149 fiet
694 3086 858 3150 matrona
874 3118 923 3129 -
940 3101 1134 3174 parumper

213 3190 411 3287 Exspecta.
429 3189 536 3265 Nunc
556 3189 648 3264 addo
667 3191 794 3264 luem...
807 3192 886 3288 jam
905 3191 1049 3288 saepius
1066 3192 1173 3267 urbes

214 3303 394 3379 Novimus
410 3304 579 3403 Europae
598 3304 753 3381 Cholera
769 3318 956 3402 grassante
973 3307 1084 3382 feroci

216 3419 485 3496 Contremuisse
503 3431 617 3517 metu,
636 3431 723 3519 quot
741 3431 855 3496 strata
873 3423 1053 3497 cadavera
1069 3411 1182 3498 noctu

217 3533 312 3609 Sunt
329 3533 453 3610 furtim
470 3534 648 3610 tumulata
665 3535 756 3610 citol
776 3547 930 3611 vacuata
947 3537 1098 3630 theatra,

216 3647 301 3723 Non
318 3648 468 3724 choreae
485 3649 622 3744 molles,
641 3676 713 3725 non
730 3661 860 3725 cantus
877 3651 951 3726 otia
969 3652 1095 3746 dulcis,

217 3762 365 3838 Clamor
381 3764 523 3863 ubique,
543 3765 660 3840 dolor!
679 3765 778 3840 crudi
797 3765 852 3840 vis
869 3767 996 3842 intima
1012 3767 1128 3843 morbi

218 3877 369 3974 Semper
386 3879 504 3956 adhuc
522 3880 671 3956 medicis
688 3881 821 3979 ignota,
842 3881 975 3980 diuque
993 3882 1122 3959 latebit
1137 3925 1187 3938 —-

218 3991 312 4070 Sunt
330 3992 414 4068 fune
432 4021 564 4071 arcano
581 3995 704 4070 divina
720 3995 810 4070 haec
828 4006 925 4071 torta
940 3995 1095 4095 flagella.

220 4107 331 4182 Bella
347 4109 552 4204 recensebo,
573 4137 665 4209 quae
683 4111 827 4209 privant
844 4137 931 4186 arva
948 4112 1097 4211 colonis,

215 4222 334 4300 Ardet
351 4223 483 4322 ubique
500 4224 633 4302 furor...
652 4252 720 4302 ceu
737 4236 902 4302 sternunt
918 4228 1084 4326 gramina
1099 4227 1211 4308 falce:

563 4612 571 4656 l

569 4666 576 4707 l
