2968 4732
676 231 891 286 CARMINUM

352 418 434 492 Hoc
449 417 555 515 jungi
573 417 688 493 voluit
706 418 852 494 condita
870 417 1015 492 vinculo

351 535 451 608 Patri
469 534 620 608 Flamen
637 534 767 608 Amorl
788 532 943 608 Vincula
961 532 1098 607 dulcial

350 651 561 725 Pax-terrae
580 677 621 724 ae
641 649 793 724 homini!
813 676 885 746 pax
905 649 1040 722 homini
1059 675 1101 722 ac
1120 647 1216 724 Deo!

449 766 480 842 Ο
499 765 708 840 dulcissima
726 764 887 838 vincula!

349 998 483 1072 Factus
500 997 649 1072 consilio
666 996 825 1070 numinis
843 995 985 1093 integer

348 1113 449 1188 Idem
467 1114 605 1210 primus
622 1111 729 1187 homo
747 1111 871 1186 debuit
888 1112 1029 1208 integer

349 1229 546 1327 Extemplo
554 1227 644 1326 fieri
655 1227 803 1303 consilio
821 1255 901 1324 su03

446 1344 559 1418 “Sum
577 1343 706 1439 factus,
725 1342 803 1417 fieri
820 1342 943 1436 volol„

346 1577 414 1651 Est
433 1575 492 1650 hie
513 1603 629 1651 sermo
648 1587 812 1673 potens...
830 1575 950 1673 poscit
969 1602 1058 1672 opus
1076 1575 1144 1650 Dei

345 1689 540 1767 Libertatis
559 1694 671 1789 opusl
692 1719 800 1790 poma
817 1702 917 1766 vetat
935 1691 1035 1766 Deus

344 1809 594 1905 Tentatusque
614 1808 713 1884 cadit
730 1809 868 1906 primus
886 1807 993 1881 hoino
1011 1806 1103 1881 vafri

441 1923 627 2022 Deceptus
645 1922 782 1998 colubri
801 1922 892 1997 dolo.

342 2155 549 2229 Turbantur
566 2153 657 2228 radii
675 2153 834 2245 crimine,
855 2152 978 2228 circuli

342 2270 447 2344 Felix
465 2271 551 2344 ordo
568 2268 649 2361 ruit,
672 2269 826 2344 classica
845 2279 1088 2366 perstrepunt:
1194 2313 1195 2318 =

341 2385 462 2460 Armis
479 2412 613 2459 numen
631 2384 749 2480 homo,
768 2394 865 2458 terra
882 2385 1063 2460 hominem
1080 2385 1208 2482 petit...

438 2500 470 2575 O
489 2501 697 2598 spectacula
713 2501 848 2575 tristia!

340 2733 414 2809 Our
430 2742 625 2808 nectuntur
648 2733 766 2808 adhuc
788 2759 947 2830 corpora,
968 2731 1137 2830 spiritus?

338 2851 492 2924 Mortem
510 2875 582 2922 non
601 2849 762 2944 sequitur
778 2853 897 2924 mors?
917 2848 1004 2945 (fore
1022 2848 1200 2925 vindicem

337 2967 443 3042 Hanc
463 2964 555 3037 dixit
573 2962 719 3038 sceleris
730 2965 967 3063 praecriptam
984 2964 1133 3060 Deus)...

435 3081 538 3154 Haec
558 3079 738 3177 stipendia
755 3080 896 3153 nonnisi

337 3313 430 3388 Sunt
447 3308 570 3404 dilato,
586 3323 731 3384 monent
749 3337 821 3384 una
838 3309 1000 3384 homines
1017 3339 1134 3386 cruce:

336 3429 434 3520 Quos
453 3427 528 3503 solo
545 3426 696 3525 imperio
715 3425 927 3501 condiderat
944 3426 1053 3520 Deus,

334 3546 442 3620 Nunc
460 3543 556 3618 idem
575 3540 753 3615 Dominus
771 3541 889 3615 denuo
906 3541 1065 3618 condidit

432 3659 576 3756 Ingenti
593 3657 722 3732 merito
739 3656 862 3731 crucis.

334 3893 434 3965 “Pax
450 3901 567 3966 terrae
585 3917 627 3964 ac
647 3888 791 3981 homini,
811 3907 886 3986 pax'
902 3889 1038 3965 homini
1056 3919 1097 3966 ac
1114 3888 1233 3983 Deci„

331 4008 416 4081 Non
433 4005 588 4079 mutabit
604 4003 712 4079 homo
730 3999 918 4077 consilium
936 4003 1023 4079 Dei!

330 4123 428 4198 Hinc
447 4120 527 4196 tolli
544 4120 673 4194 merito
691 4117 826 4212 crimen
845 4119 1012 4214 oportuit,

426 4235 525 4332 Agni
544 4234 719 4331 sanguine
738 4232 841 4328 dilui3

370 4536 506 4702 a,
