3040 4732
163 2231 208 2346 a„

624 277 743 332 LIBER
772 275 930 332 PRIMUS.

404 464 478 540 Sed
495 463 571 538 luet
589 477 725 561 poenas
743 462 924 539 violentus
942 463 1065 559 hostis,

401 579 498 656 Jura
513 589 679 673 natorum
698 579 774 653 sine
786 579 868 676 jure
885 579 1042 677 calcans,

347 745 356 758 «
403 695 551 778 Vindici
570 721 706 794 poenas
723 694 810 769 mihi
830 723 972 796 semper
988 723 1104 796 aequa

843 811 966 887 Mente
983 839 1138 889 reservo.

403 1025 492 1101 Sum
509 1025 575 1101 tibi
592 1026 695 1120 fidus,
715 1017 796 1102 mea
814 1027 965 1126 Sponsa,
986 1027 1139 1128 Oonjux,

402 1141 463 1217 Me
482 1168 588 1240 sopor
605 1143 785 1240 quondam
803 1144 913 1219 maris
927 1144 1020 1220 inter
1038 1155 1160 1222 aestus

402 1257 540 1350 Vinxit,
560 1257 652 1332 irato
667 1257 759 1358 *vigil
775 1258 961 1356 imperavi,

843 1374 965 1448 Turbo
983 1373 1131 1472 quievit.

678 1685 781 1763 ODE
808 1685 873 1762 IV.

487 1909 552 1984 ΑΒ
578 1907 781 1984 ΒΕΔΤΔΜ
806 1907 1064 1984 mauman.

303 2135 428 2190 Transito
446 2137 482 2189 ad
499 2150 540 2186 me
558 2149 655 2200 murres,
674 2134 723 2200 qui
741 2133 927 2198 concupiscitis
945 2149 992 2186 me.
1014 2132 1111 2202 (Eccli.
1131 2133 1173 2202 24,
1193 2134 1252 2206 26).

335 2297 364 2328 ,ν
393 2266 436 2338 ν]
481 2237 770 2349 ,θυΙΙ-Ῐᾶ-Ῐυ
794 2262 888 2306 ..pu
918 2288 943 2304 .-

337 2337 419 2426 Ave
436 2334 563 2427 Maria,
582 2344 620 2409 te
638 2333 755 2408 saluto
771 2358 944 2428 carmine,

435 2449 467 2526 O
486 2449 600 2547 Virgo
618 2449 898 2524 formosissima!

336 2565 456 2643 Unius
474 2565 574 2642 Unel
594 2565 647 2640 Te
666 2564 817 2640 Beatam
836 2563 1048 2662 praedicant

435 2681 538 2758 Coeli
556 2681 730 2773 cohortes,
750 2691 787 2755 te
806 2706 920 2778 genus

337 2797 491 2874 Mortale
510 2797 613 2894 dicit,
633 2797 728 2872 alma
747 2796 841 2872 Solis
859 2797 1007 2872 nuntia!

434 2914 667 3007 Laudaberis,
688 2914 801 2990 donec
820 2902 955 2989 sumus.

336 3028 411 3106 Sed
428 3040 465 3104 te
483 3029 675 3104 Parentem
694 3030 903 3127 sempiterni
922 3029 1006 3103 Filii

434 3145 789 3244 Pulcherrimamque
806 3156 843 3220 te
860 3172 979 3221 rosam

334 3261 507 3337 Humana
525 3260 626 3336 labra
642 3261 711 3336 rite
727 3287 912 3359 nunquam
931 3259 1132 3352 concinent,

434 3377 627 3454 Silentium
645 3377 849 3453 facundius!

334 3491 450 3570 Vetor
467 3492 588 3569 silere!
609 3493 725 3568 invita
740 3494 885 3568 flamma
903 3491 1076 3590 proditur,

431 3609 513 3685 Hoc
533 3619 662 3707 pectus
680 3608 782 3684 ardet
798 3610 807 3684 l
826 3608 888 3683 fila
906 3619 990 3684 sunt

333 3725 516 3801 Movenda
533 3725 727 3823 plectrol...
746 3752 817 3823 quo
835 3724 992 3823 praeisti,
1011 3736 1049 3802 te
1068 3750 1209 3823 sequor,

432 3841 503 3934 Qui
520 3852 558 3916 te
576 3853 783 3939 sequuntur,
803 3852 840 3916 te
858 3841 1007 3917 colunt!

331 3957 389 4032 Tu
406 3957 470 4032 luri
488 3957 598 4051 eunti,
617 3967 657 4032 tu
676 3967 836 4056 patrona,
856 3968 897 4032 tu
915 3957 985 4051 via,

431 4072 533 4164 Quae
552 4072 654 4148 ducit
670 4073 707 4147 in
726 4073 845 4149 Patris
863 4073 1030 4149 domum!

332 4187 366 4264 O
384 4214 469 4264 cara
486 4189 625 4265 Mater!
645 4189 740 4266 filius
758 4216 868 4266 vocor
885 4175 981 4283 tuus,

434 4304 561 4404 Ofac,
573 4305 674 4381 suavi
693 4304 762 4382 hoc
780 4304 926 4382 nomine
