2968 4732
547 239 665 294 menn
699 235 877 305 nonanus

183 429 262 502 Nos
280 423 413 501 vexilla
431 436 563 500 vocant
581 424 717 500 Christi
735 423 931 500 rubicunda
948 451 1082 517 cruore,

282 542 389 617 Stant
406 541 513 634 acies,
534 540 742 616 discrimina
758 540 842 614 belli

182 657 378 732 Exacuant
396 643 545 753 animos,
563 656 772 753 mediosque
790 682 936 730 ruamus
954 654 990 729 in
1008 655 1141 748 hostes,

282 771 472 847 Fulmineo
489 797 656 852 mucrone
674 772 855 868 potentes!

184 887 293 963 Unde
312 888 408 963 salus
426 889 592 986 pugnae?
610 887 693 961 Non
711 886 803 962 ferro
822 887 1007 980 vincimus,
1029 914 1099 960 uno

281 1005 396 1079 Laeta
412 1003 524 1078 oritur
542 1003 692 1078 victoria
708 1003 821 1078 coelo!

182 1119 274 1211 Quis
293 1121 387 1194 vires
405 1119 531 1193 tribuit
549 1118 771 1194 certantibus
789 1119 1067 1216 ingeniumque?

281 1235 450 1310 Telorum
470 1234 550 1331 quis
568 1234 712 1309 roborat
729 1234 845 1308 ictus?

181 1351 253 1424 Est
270 1351 370 1426 Deus
388 1351 624 1447 omnipotens,
645 1349 705 1446 qui
723 1348 885 1424 condidit
902 1350 1023 1425 omnia
1043 1349 1163 1444 verbo,

282 1465 350 1552 Est
367 1464 473 1558 idem,
494 1465 553 1562 qui
572 1465 732 1562 pulveris
749 1466 862 1540 instar

180 1581 377 1656 Terribiles
396 1580 519 1655 hostes
536 1580 571 1652 in
590 1591 711 1677 partes
729 1579 881 1676 dissipat
899 1606 1037 1678 omnes3
1055 1623 1104 1636 -·-

282 1697 340 1770 En
358 1696 470 1771 funda
490 1721 579 1793 puer
598 1707 706 1793 atque
723 1694 856 1792 lapillis

182 1814 367 1890 Continuo
386 1813 515 1888 stravit
532 1812 764 1888 metuendum
782 1838 930 1909 corpore
947 1823 1183 1888 monstrum...

282 1929 398 2003 Laeta
415 1928 527 2003 oritur
545 1927 699 2002 victoria
717 1926 832 2002 coelol

181 2045 437 2120 Fundamenta
454 2044 544 2138 loca,
565 2056 732 2141 sectoque
750 2043 886 2141 palatia
904 2070 991 2120 saxo

284 2159 433 2235 Structa
450 2159 550 2235 leves
566 2159 740 2234 tollantur
757 2160 794 2233 in
812 2187 932 2235 auras:

181 2277 233 2350 Ni
253 2274 352 2350 Deus
371 2273 520 2367 affuerit,
541 2284 774 2350 succrescunt
792 2275 928 2350 vortice
945 2275 1120 2368 flammae,

183 2471 186 2480 Δ
237 2415 243 2422 ’
281 2390 393 2465 Terra
409 2390 567 2465 tremit...
586 2390 658 2465 ruit
675 2383 928 2467 ardua'moles.

182 2507 244 2580 Da
261 2504 391 2602 pelago
408 2532 529 2598 naves,
551 2531 678 2579 exerce
696 2531 841 2580 vomere
857 2505 994 2602 glebas,

283 2621 412 2696 Prome
430 2621 533 2718 gravi
551 2620 793 2696 medicamina
809 2621 946 2715 morbo,

183 2739 348 2813 Raucum
368 2761 501 2834 quaere
518 2736 633 2810 forum
652 2735 803 2810 facundo
822 2737 1000 2812 maximus
1019 2763 1090 2832 ore,

283 2852 333 2927 Et
351 2852 473 2926 vultus
491 2851 651 2927 imitetur
669 2853 798 2950 image,

184 2968 354 3043 Assiduis
372 2967 538 3043 manibus
555 2969 714 3064 pretiosa
731 2969 915 3044 volumina
932 2996 1045 3061 versa,

284 3083 334 3158 Et
350 3083 489 3157 nummi
508 3083 635 3159 sudore
654 3095 834 3182 parentur,

184 3199 259 3274 Fer
275 3198 409 3296 populo
428 3197 535 3295 leges,
556 3200 607 3276 ito
625 3211 800 3275 mercator
818 3199 864 3274 ad
883 3200 1001 3296 Indos,

285 3314 459 3389 Tirenum
478 3341 541 3390 cor
558 3316 654 3413 finge
671 3316 844 3413 magister
860 3357 909 3370 --

185 3429 324 3505 Virtuti
342 3455 387 3503 ne
405 3429 475 3504 fide
492 3441 588 3524 tuae,
609 3432 753 3508 virtutis
771 3431 871 3529 origo

286 3545 330 3618 In
348 3546 448 3620 coelo
467 3547 697 3644 quaerendal'
709 3547 892 3622 Memento

189 3660 299 3754 Petri,
321 3660 381 3758 qui
399 3661 538 3738 laceras
557 3663 705 3738 sarcivit
722 3662 856 3738 vimine
874 3689 1013 3738 nassas:
1112 3654 1114 3658 ¹

286 3775 394 3851 Retia
409 3786 488 3852 tota
504 3789 613 3853 nocte
630 3777 784 3854 tetendit

189 3889 366 3985 Piscibus,
387 3904 425 3967 at
442 3893 574 3990 pelago
593 3921 735 3991 semper
751 3894 888 3969 latuere
906 3891 1097 3992 profund03

286 4005 441 4082 Insidias
458 4008 587 4085 iterare
599 4011 755 4107 jubetur,

190 4121 360 4197 Protinus
377 4150 420 4199 en
438 4124 543 4201 binae
561 4123 745 4222 replentur
762 4125 920 4222 pondere
940 4151 1062 4201 naves.

286 4237 444 4314 Divitias
462 4240 538 4314 sine
556 4239 701 4315 nurnine
720 4241 859 4337 quaerit
