<?xml version="1.0" encoding="UTF-8"?>
<!DOCTYPE html PUBLIC "-//W3C//DTD XHTML 1.0 Transitional//EN"
    "http://www.w3.org/TR/xhtml1/DTD/xhtml1-transitional.dtd">
<html xmlns="http://www.w3.org/1999/xhtml" xml:lang="en" lang="en">
 <head>
  <title>
</title>
<meta http-equiv="Content-Type" content="text/html;charset=utf-8" />
  <meta name='ocr-system' content='tesseract 3.04.00' />
  <meta name='ocr-capabilities' content='ocr_page ocr_carea ocr_par ocr_line ocrx_word'/>
</head>
<body>
  <div class='ocr_page' id='page_1' title='image "./carminumlibrioc00schngoog_0245.png"; bbox 0 0 2968 4732; ppageno 0'>
   <div class='ocr_carea' id='block_1_1' title="bbox 657 227 870 282">
    <p class='ocr_par' dir='ltr' id='par_1_1' title="bbox 657 227 870 282">
     <span class='ocr_line' id='line_1_1' title="bbox 657 227 870 282; baseline -0.009 -1"><span class='ocrx_word' id='word_1_1' title='bbox 657 227 870 282; x_wconf 83' lang='lat' dir='ltr'><strong>CARMINUM</strong></span> 
     </span>
    </p>
   </div>
   <div class='ocr_carea' id='block_1_2' title="bbox 394 413 1132 856">
    <p class='ocr_par' dir='ltr' id='par_1_2' title="bbox 396 413 1050 506">
     <span class='ocr_line' id='line_1_2' title="bbox 396 413 1050 506; baseline -0.012 -14"><span class='ocrx_word' id='word_1_2' title='bbox 396 415 468 492; x_wconf 78' lang='lat' dir='ltr'>Sed</span> <span class='ocrx_word' id='word_1_3' title='bbox 487 415 577 488; x_wconf 82' lang='lat' dir='ltr'>Fide</span> <span class='ocrx_word' id='word_1_4' title='bbox 595 425 749 489; x_wconf 88' lang='lat' dir='ltr'>cunctae</span> <span class='ocrx_word' id='word_1_5' title='bbox 768 413 952 488; x_wconf 91' lang='lat' dir='ltr'>sociantur</span> <span class='ocrx_word' id='word_1_6' title='bbox 969 438 1050 506; x_wconf 87' lang='lat' dir='ltr'>una,</span> 
     </span>
    </p>

    <p class='ocr_par' dir='ltr' id='par_1_3' title="bbox 394 528 964 628">
     <span class='ocr_line' id='line_1_3' title="bbox 394 528 964 628; baseline -0.011 -22"><span class='ocrx_word' id='word_1_7' title='bbox 394 532 479 607; x_wconf 91' lang='lat' dir='ltr'>Una</span> <span class='ocrx_word' id='word_1_8' title='bbox 498 531 590 628; x_wconf 82' lang='lat' dir='ltr'>Spes</span> <span class='ocrx_word' id='word_1_9' title='bbox 607 530 679 604; x_wconf 87' lang='lat' dir='ltr'>illis</span> <span class='ocrx_word' id='word_1_10' title='bbox 696 529 854 604; x_wconf 87' lang='lat' dir='ltr'>melioris</span> <span class='ocrx_word' id='word_1_11' title='bbox 872 528 964 624; x_wconf 85' lang='lat' dir='ltr'>aevi,</span> 
     </span>
    </p>

    <p class='ocr_par' dir='ltr' id='par_1_4' title="bbox 394 643 1132 856">
     <span class='ocr_line' id='line_1_4' title="bbox 394 643 1031 744; baseline -0.006 -24"><span class='ocrx_word' id='word_1_12' title='bbox 394 647 576 744; x_wconf 84' lang='lat' dir='ltr'>Impigrae</span> <span class='ocrx_word' id='word_1_13' title='bbox 594 673 736 744; x_wconf 88' lang='lat' dir='ltr'>semper</span> <span class='ocrx_word' id='word_1_14' title='bbox 752 645 890 742; x_wconf 79' lang='lat' dir='ltr'>patriae</span> <span class='ocrx_word' id='word_1_15' title='bbox 909 643 1031 718; x_wconf 86' lang='lat' dir='ltr'>suavis</span> 
     </span>
     <span class='ocr_line' id='line_1_5' title="bbox 783 760 1132 856; baseline -0.009 -22"><span class='ocrx_word' id='word_1_16' title='bbox 783 760 927 834; x_wconf 83' lang='lat' dir='ltr'>Limina</span> <span class='ocrx_word' id='word_1_17' title='bbox 945 769 1132 856; x_wconf 89' lang='lat' dir='ltr'>quaerunt.</span> 
     </span>
    </p>
   </div>
   <div class='ocr_carea' id='block_1_3' title="bbox 396 992 1080 1414">
    <p class='ocr_par' dir='ltr' id='par_1_5' title="bbox 396 992 1069 1090">
     <span class='ocr_line' id='line_1_6' title="bbox 396 992 1069 1090; baseline -0.004 -22"><span class='ocrx_word' id='word_1_18' title='bbox 396 995 525 1069; x_wconf 83' lang='lat' dir='ltr'>Arbori</span> <span class='ocrx_word' id='word_1_19' title='bbox 545 995 675 1069; x_wconf 82' lang='lat' dir='ltr'>densae</span> <span class='ocrx_word' id='word_1_20' title='bbox 695 993 898 1090; x_wconf 86' lang='lat' dir='ltr'>viridesque</span> <span class='ocrx_word' id='word_1_21' title='bbox 916 992 1069 1083; x_wconf 87' lang='lat' dir='ltr'>frondes,</span> 
     </span>
    </p>

    <p class='ocr_par' dir='ltr' id='par_1_6' title="bbox 396 1107 1007 1204">
     <span class='ocr_line' id='line_1_7' title="bbox 396 1107 1007 1204; baseline -0.003 -20"><span class='ocrx_word' id='word_1_22' title='bbox 396 1111 446 1184; x_wconf 84' lang='lat' dir='ltr'>Et</span> <span class='ocrx_word' id='word_1_23' title='bbox 463 1110 564 1184; x_wconf 76' lang='lat' dir='ltr'>velut</span> <span class='ocrx_word' id='word_1_24' title='bbox 582 1120 676 1184; x_wconf 88' lang='lat' dir='ltr'>serto</span> <span class='ocrx_word' id='word_1_25' title='bbox 694 1109 861 1183; x_wconf 90' lang='lat' dir='ltr'>redimita</span> <span class='ocrx_word' id='word_1_26' title='bbox 878 1107 1007 1204; x_wconf 81' lang='lat' dir='ltr'>fulget:</span> 
     </span>
    </p>

    <p class='ocr_par' dir='ltr' id='par_1_7' title="bbox 397 1225 1080 1414">
     <span class='ocr_line' id='line_1_8' title="bbox 397 1225 1009 1320; baseline -0.003 -20"><span class='ocrx_word' id='word_1_27' title='bbox 397 1227 524 1302; x_wconf 85' lang='lat' dir='ltr'>Enitet</span> <span class='ocrx_word' id='word_1_28' title='bbox 542 1227 665 1319; x_wconf 75' lang='lat' dir='ltr'>virtue,</span> <span class='ocrx_word' id='word_1_29' title='bbox 687 1225 795 1300; x_wconf 91' lang='lat' dir='ltr'>decus</span> <span class='ocrx_word' id='word_1_30' title='bbox 813 1235 867 1299; x_wconf 91' lang='lat' dir='ltr'>est</span> <span class='ocrx_word' id='word_1_31' title='bbox 885 1225 1009 1320; x_wconf 88' lang='lat' dir='ltr'>amori,</span> 
     </span>
     <span class='ocr_line' id='line_1_9' title="bbox 785 1340 1080 1414; baseline 0 -2"><span class='ocrx_word' id='word_1_32' title='bbox 785 1340 880 1414; x_wconf 87' lang='lat' dir='ltr'>Mira</span> <span class='ocrx_word' id='word_1_33' title='bbox 897 1350 1080 1414; x_wconf 86' lang='lat' dir='ltr'>venustas.</span> 
     </span>
    </p>
   </div>
   <div class='ocr_carea' id='block_1_4' title="bbox 341 1571 1181 1992">
    <p class='ocr_par' dir='ltr' id='par_1_8' title="bbox 341 1571 1181 1670">
     <span class='ocr_line' id='line_1_10' title="bbox 341 1571 1181 1670; baseline -0.007 -23"><span class='ocrx_word' id='word_1_34' title='bbox 341 1621 345 1630; x_wconf 71' lang='lat'>‹</span> <span class='ocrx_word' id='word_1_35' title='bbox 397 1573 510 1648; x_wconf 88' lang='lat' dir='ltr'>Poma</span> <span class='ocrx_word' id='word_1_36' title='bbox 527 1573 753 1670; x_wconf 77' lang='lat' dir='ltr'>praebentur,</span> <span class='ocrx_word' id='word_1_37' title='bbox 773 1571 1012 1668; x_wconf 85' lang='lat' dir='ltr'>volucresque</span> <span class='ocrx_word' id='word_1_38' title='bbox 1032 1579 1181 1644; x_wconf 85' lang='lat' dir='ltr'>cantant</span> 
     </span>
    </p>

    <p class='ocr_par' dir='ltr' id='par_1_9' title="bbox 397 1685 1136 1786">
     <span class='ocr_line' id='line_1_11' title="bbox 397 1685 1136 1786; baseline -0.003 -26"><span class='ocrx_word' id='word_1_39' title='bbox 397 1687 447 1762; x_wconf 87' lang='lat' dir='ltr'>Et</span> <span class='ocrx_word' id='word_1_40' title='bbox 463 1700 592 1786; x_wconf 88' lang='lat' dir='ltr'>parant</span> <span class='ocrx_word' id='word_1_41' title='bbox 609 1687 724 1784; x_wconf 81' lang='lat' dir='ltr'>nidos,</span> <span class='ocrx_word' id='word_1_42' title='bbox 743 1686 954 1784; x_wconf 81' lang='lat' dir='ltr'>peregrinus</span> <span class='ocrx_word' id='word_1_43' title='bbox 973 1685 1136 1759; x_wconf 89' lang='lat' dir='ltr'>umbram</span> 
     </span>
    </p>

    <p class='ocr_par' dir='ltr' id='par_1_10' title="bbox 399 1802 1090 1992">
     <span class='ocr_line' id='line_1_12' title="bbox 399 1802 1090 1901; baseline -0.006 -23"><span class='ocrx_word' id='word_1_44' title='bbox 399 1803 534 1901; x_wconf 81' lang='lat' dir='ltr'>Captet</span> <span class='ocrx_word' id='word_1_45' title='bbox 550 1815 587 1878; x_wconf 88' lang='lat' dir='ltr'>et</span> <span class='ocrx_word' id='word_1_46' title='bbox 603 1802 726 1900; x_wconf 83' lang='lat' dir='ltr'>frigus,</span> <span class='ocrx_word' id='word_1_47' title='bbox 747 1802 946 1899; x_wconf 74' lang='lat' dir='ltr'>fruiturque</span> <span class='ocrx_word' id='word_1_48' title='bbox 966 1825 1090 1876; x_wconf 87' lang='lat' dir='ltr'>somno</span> 
     </span>
     <span class='ocr_line' id='line_1_13' title="bbox 788 1915 1070 1992; baseline -0.007 0"><span class='ocrx_word' id='word_1_49' title='bbox 788 1918 924 1992; x_wconf 84' lang='lat' dir='ltr'>Lassus</span> <span class='ocrx_word' id='word_1_50' title='bbox 943 1915 1070 1990; x_wconf 86' lang='lat' dir='ltr'>eunde.</span> 
     </span>
    </p>
   </div>
   <div class='ocr_carea' id='block_1_5' title="bbox 399 2144 1110 2566">
    <p class='ocr_par' dir='ltr' id='par_1_11' title="bbox 399 2144 1110 2254">
     <span class='ocr_line' id='line_1_14' title="bbox 399 2144 1110 2254; baseline -0.007 -31"><span class='ocrx_word' id='word_1_51' title='bbox 399 2147 523 2223; x_wconf 89' lang='lat' dir='ltr'>Verbo</span> <span class='ocrx_word' id='word_1_52' title='bbox 541 2158 577 2222; x_wconf 89' lang='lat' dir='ltr'>et</span> <span class='ocrx_word' id='word_1_53' title='bbox 594 2146 770 2245; x_wconf 86' lang='lat' dir='ltr'>exemplo,</span> <span class='ocrx_word' id='word_1_54' title='bbox 791 2145 969 2254; x_wconf 77' lang='lat' dir='ltr'>precibus,</span> <span class='ocrx_word' id='word_1_55' title='bbox 990 2144 1110 2219; x_wconf 85' lang='lat' dir='ltr'>dolore</span> 
     </span>
    </p>

    <p class='ocr_par' dir='ltr' id='par_1_12' title="bbox 401 2261 1019 2361">
     <span class='ocr_line' id='line_1_15' title="bbox 401 2261 1019 2361; baseline -0.008 -23"><span class='ocrx_word' id='word_1_56' title='bbox 401 2263 544 2338; x_wconf 77' lang='lat' dir='ltr'>Caritas</span> <span class='ocrx_word' id='word_1_57' title='bbox 560 2262 717 2361; x_wconf 87' lang='lat' dir='ltr'>prodest,</span> <span class='ocrx_word' id='word_1_58' title='bbox 736 2262 898 2337; x_wconf 88' lang='lat' dir='ltr'>radiante</span> <span class='ocrx_word' id='word_1_59' title='bbox 916 2261 1019 2336; x_wconf 84' lang='lat' dir='ltr'>vultu</span> 
     </span>
    </p>

    <p class='ocr_par' dir='ltr' id='par_1_13' title="bbox 400 2377 1105 2566">
     <span class='ocr_line' id='line_1_16' title="bbox 400 2377 979 2475; baseline -0.002 -24"><span class='ocrx_word' id='word_1_60' title='bbox 400 2377 529 2452; x_wconf 84' lang='lat' dir='ltr'>Allicit</span> <span class='ocrx_word' id='word_1_61' title='bbox 547 2405 687 2475; x_wconf 85' lang='lat' dir='ltr'>segnes,</span> <span class='ocrx_word' id='word_1_62' title='bbox 706 2377 875 2474; x_wconf 82' lang='lat' dir='ltr'>graviora</span> <span class='ocrx_word' id='word_1_63' title='bbox 892 2403 979 2451; x_wconf 84' lang='lat' dir='ltr'>saxo</span> 
     </span>
     <span class='ocr_line' id='line_1_17' title="bbox 790 2490 1105 2566; baseline -0.013 0"><span class='ocrx_word' id='word_1_64' title='bbox 790 2493 945 2566; x_wconf 87' lang='lat' dir='ltr'>Pectora</span> <span class='ocrx_word' id='word_1_65' title='bbox 963 2490 1105 2566; x_wconf 89' lang='lat' dir='ltr'>scindit.</span> 
     </span>
    </p>
   </div>
   <div class='ocr_carea' id='block_1_6' title="bbox 403 2720 1122 3163">
    <p class='ocr_par' dir='ltr' id='par_1_14' title="bbox 403 2720 1039 2817">
     <span class='ocr_line' id='line_1_18' title="bbox 403 2720 1039 2817; baseline -0.003 -21"><span class='ocrx_word' id='word_1_66' title='bbox 403 2721 587 2797; x_wconf 88' lang='lat' dir='ltr'>Occidunt</span> <span class='ocrx_word' id='word_1_67' title='bbox 603 2722 759 2817; x_wconf 84' lang='lat' dir='ltr'>frondes,</span> <span class='ocrx_word' id='word_1_68' title='bbox 777 2721 939 2795; x_wconf 89' lang='lat' dir='ltr'>volucres</span> <span class='ocrx_word' id='word_1_69' title='bbox 957 2720 1039 2813; x_wconf 72' lang='lat' dir='ltr'>ibrc,</span> 
     </span>
    </p>

    <p class='ocr_par' dir='ltr' id='par_1_15' title="bbox 403 2835 1122 2936">
     <span class='ocr_line' id='line_1_19' title="bbox 403 2835 1122 2936; baseline -0.004 -25"><span class='ocrx_word' id='word_1_70' title='bbox 403 2836 498 2927; x_wconf 81' lang='lat' dir='ltr'>Quid</span> <span class='ocrx_word' id='word_1_71' title='bbox 515 2837 579 2912; x_wconf 93' lang='lat' dir='ltr'>tibi</span> <span class='ocrx_word' id='word_1_72' title='bbox 597 2848 737 2936; x_wconf 88' lang='lat' dir='ltr'>prostat</span> <span class='ocrx_word' id='word_1_73' title='bbox 753 2837 822 2911; x_wconf 87' lang='lat' dir='ltr'>nisi</span> <span class='ocrx_word' id='word_1_74' title='bbox 839 2836 943 2910; x_wconf 87' lang='lat' dir='ltr'>triste</span> <span class='ocrx_word' id='word_1_75' title='bbox 960 2835 1122 2932; x_wconf 83' lang='lat' dir='ltr'>lignum?</span> 
     </span>
    </p>

    <p class='ocr_par' dir='ltr' id='par_1_16' title="bbox 403 2949 1100 3163">
     <span class='ocr_line' id='line_1_20' title="bbox 403 2949 1100 3050; baseline -0.007 -23"><span class='ocrx_word' id='word_1_76' title='bbox 403 2952 546 3028; x_wconf 77' lang='lat' dir='ltr'>Caritas</span> <span class='ocrx_word' id='word_1_77' title='bbox 564 2979 707 3050; x_wconf 89' lang='lat' dir='ltr'>semper</span> <span class='ocrx_word' id='word_1_78' title='bbox 725 2951 818 3025; x_wconf 87' lang='lat' dir='ltr'>viret</span> <span class='ocrx_word' id='word_1_79' title='bbox 836 2962 945 3048; x_wconf 90' lang='lat' dir='ltr'>atque</span> <span class='ocrx_word' id='word_1_80' title='bbox 962 2949 1100 3024; x_wconf 84' lang='lat' dir='ltr'>fructus</span> 
     </span>
     <span class='ocr_line' id='line_1_21' title="bbox 793 3065 1098 3163; baseline -0.01 -23"><span class='ocrx_word' id='word_1_81' title='bbox 793 3066 932 3140; x_wconf 82' lang='lat' dir='ltr'>Premit</span> <span class='ocrx_word' id='word_1_82' title='bbox 949 3065 1098 3163; x_wconf 82' lang='lat' dir='ltr'>opimus.</span> 
     </span>
    </p>
   </div>
   <div class='ocr_carea' id='block_1_7' title="bbox 351 3295 1111 3732">
    <p class='ocr_par' dir='ltr' id='par_1_17' title="bbox 351 3295 1111 3732">
     <span class='ocr_line' id='line_1_22' title="bbox 404 3295 1103 3394; baseline -0.006 -20"><span class='ocrx_word' id='word_1_83' title='bbox 404 3301 580 3375; x_wconf 87' lang='lat' dir='ltr'>Arborcm</span> <span class='ocrx_word' id='word_1_84' title='bbox 599 3309 764 3373; x_wconf 85' lang='lat' dir='ltr'>sternunt</span> <span class='ocrx_word' id='word_1_85' title='bbox 781 3297 906 3389; x_wconf 89' lang='lat' dir='ltr'>caries,</span> <span class='ocrx_word' id='word_1_86' title='bbox 926 3295 1103 3394; x_wconf 87' lang='lat' dir='ltr'>bipennis,</span> 
     </span>
     <span class='ocr_line' id='line_1_23' title="bbox 404 3411 1053 3514; baseline -0.006 -24"><span class='ocrx_word' id='word_1_87' title='bbox 404 3417 435 3490; x_wconf 89' lang='lat' dir='ltr'>F</span> <span class='ocrx_word' id='word_1_88' title='bbox 438 3416 552 3514; x_wconf 83' lang='lat' dir='ltr'>ulgur,</span> <span class='ocrx_word' id='word_1_89' title='bbox 573 3425 609 3488; x_wconf 86' lang='lat' dir='ltr'>et</span> <span class='ocrx_word' id='word_1_90' title='bbox 625 3413 725 3488; x_wconf 91' lang='lat' dir='ltr'>nulla</span> <span class='ocrx_word' id='word_1_91' title='bbox 741 3411 946 3487; x_wconf 88' lang='lat' dir='ltr'>revocanda</span> <span class='ocrx_word' id='word_1_92' title='bbox 963 3437 1053 3486; x_wconf 89' lang='lat' dir='ltr'>voce</span> 
     </span>
     <span class='ocr_line' id='line_1_24' title="bbox 351 3528 1069 3622; baseline -0.004 -19"><span class='ocrx_word' id='word_1_93' title='bbox 351 3599 353 3603; x_wconf 79' lang='grc'>,</span> <span class='ocrx_word' id='word_1_94' title='bbox 405 3531 579 3606; x_wconf 80' lang='lat' dir='ltr'>Caeditur</span> <span class='ocrx_word' id='word_1_95' title='bbox 597 3528 698 3622; x_wconf 86' lang='lat' dir='ltr'>ferre,</span> <span class='ocrx_word' id='word_1_96' title='bbox 719 3539 823 3604; x_wconf 89' lang='lat' dir='ltr'>vorat</span> <span class='ocrx_word' id='word_1_97' title='bbox 841 3554 913 3602; x_wconf 90' lang='lat' dir='ltr'>una</span> <span class='ocrx_word' id='word_1_98' title='bbox 931 3537 1069 3602; x_wconf 87' lang='lat' dir='ltr'>sectam</span> 
     </span>
     <span class='ocr_line' id='line_1_25' title="bbox 792 3642 1111 3732; baseline -0.003 -15"><span class='ocrx_word' id='word_1_99' title='bbox 792 3642 942 3718; x_wconf 87' lang='lat' dir='ltr'>Torrida</span> <span class='ocrx_word' id='word_1_100' title='bbox 958 3642 1111 3732; x_wconf 87' lang='lat' dir='ltr'>flamma,</span> 
     </span>
    </p>
   </div>
   <div class='ocr_carea' id='block_1_8' title="bbox 404 3874 1117 4295">
    <p class='ocr_par' dir='ltr' id='par_1_18' title="bbox 404 3874 989 3974">
     <span class='ocr_line' id='line_1_26' title="bbox 404 3874 989 3974; baseline -0.005 -23"><span class='ocrx_word' id='word_1_101' title='bbox 404 3877 454 3951; x_wconf 86' lang='lat' dir='ltr'>Ni</span> <span class='ocrx_word' id='word_1_102' title='bbox 472 3876 560 3951; x_wconf 88' lang='lat' dir='ltr'>velit</span> <span class='ocrx_word' id='word_1_103' title='bbox 578 3877 675 3974; x_wconf 88' lang='lat' dir='ltr'>ligno</span> <span class='ocrx_word' id='word_1_104' title='bbox 693 3876 794 3951; x_wconf 83' lang='lat' dir='ltr'>faber</span> <span class='ocrx_word' id='word_1_105' title='bbox 811 3902 903 3950; x_wconf 86' lang='lat' dir='ltr'>unus</span> <span class='ocrx_word' id='word_1_106' title='bbox 920 3874 989 3949; x_wconf 91' lang='lat' dir='ltr'>uti:</span> 
     </span>
    </p>

    <p class='ocr_par' dir='ltr' id='par_1_19' title="bbox 405 3989 1067 4080">
     <span class='ocr_line' id='line_1_27' title="bbox 405 3989 1067 4080; baseline -0.005 -15"><span class='ocrx_word' id='word_1_107' title='bbox 405 3993 475 4065; x_wconf 79' lang='lat' dir='ltr'>Ast</span> <span class='ocrx_word' id='word_1_108' title='bbox 493 4017 593 4065; x_wconf 88' lang='lat' dir='ltr'>amor</span> <span class='ocrx_word' id='word_1_109' title='bbox 609 3991 719 4066; x_wconf 86' lang='lat' dir='ltr'>nullis</span> <span class='ocrx_word' id='word_1_110' title='bbox 736 3990 938 4066; x_wconf 89' lang='lat' dir='ltr'>terebratur</span> <span class='ocrx_word' id='word_1_111' title='bbox 956 3989 1067 4080; x_wconf 86' lang='lat' dir='ltr'>annis,</span> 
     </span>
    </p>

    <p class='ocr_par' dir='ltr' id='par_1_20' title="bbox 406 4106 1117 4295">
     <span class='ocr_line' id='line_1_28' title="bbox 406 4106 1068 4202; baseline -0.008 -20"><span class='ocrx_word' id='word_1_112' title='bbox 406 4106 553 4182; x_wconf 83' lang='lat' dir='ltr'>Viribus</span> <span class='ocrx_word' id='word_1_113' title='bbox 571 4106 711 4199; x_wconf 89' lang='lat' dir='ltr'>crescit,</span> <span class='ocrx_word' id='word_1_114' title='bbox 731 4106 937 4202; x_wconf 88' lang='lat' dir='ltr'>domitaque</span> <span class='ocrx_word' id='word_1_115' title='bbox 955 4116 1068 4180; x_wconf 84' lang='lat' dir='ltr'>morte</span> 
     </span>
     <span class='ocr_line' id='line_1_29' title="bbox 795 4219 1117 4295; baseline -0.009 0"><span class='ocrx_word' id='word_1_116' title='bbox 795 4219 899 4295; x_wconf 90' lang='lat' dir='ltr'>Vivit</span> <span class='ocrx_word' id='word_1_117' title='bbox 915 4221 953 4294; x_wconf 90' lang='lat' dir='ltr'>in</span> <span class='ocrx_word' id='word_1_118' title='bbox 971 4220 1117 4295; x_wconf 79' lang='lat' dir='ltr'>aevum!</span> 
     </span>
    </p>
   </div>
   <div class='ocr_carea' id='block_1_9' title="bbox 0 0 1503 4732">
    <p class='ocr_par' dir='ltr' id='par_1_21' title="bbox 0 0 1503 4732">
     <span class='ocr_line' id='line_1_30' title="bbox 0 0 1503 4732; baseline 0 0"><span class='ocrx_word' id='word_1_119' title='bbox 0 0 1503 4732; x_wconf 95' lang='lat' dir='ltr'> </span> 
     </span>
    </p>
   </div>
  </div>
 </body>
</html>
