3030 4734
534 225 655 280 LIBER
687 223 867 294 QUARTUS

327 413 476 488 Excitat
494 410 612 487 cordis
629 410 729 486 Deus
747 439 839 488 unus
857 414 969 510 ignes,
1000 479 1003 487 r

327 529 363 602 N
366 528 455 602 utrit
471 527 538 602 hos
556 527 661 620 idem,
682 555 878 625 generosus
896 531 999 606 offert

329 644 478 719 Gratiae
496 643 640 739 donum,
659 644 848 742 calefitque
867 659 990 722 sancto

718 760 853 835 Pectus
871 788 1001 836 amore.

328 994 402 1067 Dat
419 993 624 1068 sacerdotes
642 992 757 1067 bonus
774 992 835 1097 ille
855 993 983 1068 Pastor

261 1163 267 1170 -
328 1109 378 1183 Et
396 1109 496 1206 pium
514 1120 654 1207 patrem
669 1108 891 1206 nigilemque
909 1121 1072 1202 matrem,

329 1223 413 1321 Ipse
432 1224 495 1298 dat
513 1251 626 1298 sese...
648 1225 789 1322 potiora
807 1225 902 1302 dona

719 1339 808 1430 Quis
827 1339 919 1414 ferat
936 1344 1116 1438 unquam?

327 1572 458 1648 Arbori
477 1571 537 1646 lex
555 1584 620 1664 est,
642 1571 847 1647 dominatur
865 1598 951 1646 una:

328 1687 397 1763 Est
414 1687 522 1762 bomo
540 1687 639 1780 liber,
661 1687 823 1785 sequitur
840 1698 1047 1763 moventem

331 1803 478 1902 Sponte,
497 1803 702 1878 cordurum
720 1803 876 1877 Domino
894 1803 1050 1878 trahenti

720 1917 856 2016 Sponte
874 1918 1020 1994 resistit.

329 2149 452 2222 Robur
468 2147 505 2221 in
521 2158 661 2243 truncO,
678 2147 840 2221 rabidam
858 2147 1051 2244 procellam

328 2263 451 2337 Vincit
468 2263 630 2348 illaesus:
649 2261 779 2337 fremat
799 2289 882 2336 acer
896 2262 1019 2355 hostis,

329 2379 396 2454 Est
414 2405 514 2453 amor
531 2378 643 2472 fortis,
664 2377 793 2476 clypeo
811 2378 971 2452 retundit

718 2493 915 2568 Daemonis
933 2494 1037 2569 ictus.

328 2725 479 2801 Arboris
496 2737 622 2801 trunco
639 2735 946 2822 generanturuno

219 2857 223 2866 '
329 2842 479 2916 Plurimi
497 2841 602 2916 rami:
621 2841 717 2939 parit
734 2867 806 2915 una
823 2852 939 2916 mater

330 2958 483 3053 Caritas
502 2956 623 3054 plures
642 2957 804 3031 oriuntur
821 2983 894 3030 una

720 3071 841 3168 Stirpe
860 3098 1009 3146 sorores.

328 3304 522 3380 Fructibus
539 3303 629 3379 rami
647 3304 870 3399 decorantur,
888 3303 985 3377 idem

329 3423 398 3498 Est
415 3421 511 3498 color
529 3421 668 3497 cunctis
685 3420 879 3518 parilisque
897 3419 1026 3494 forma:

330 3539 383 3613 At
400 3538 519 3614 ferunt
536 3537 653 3613 almae
672 3537 771 3611 vario
789 3535 911 3610 labore

721 3653 841 3727 Lucra
859 3676 1007 3726 sorores.

331 3886 436 3960 Haec
452 3911 580 3982 preces
598 3883 731 3979 fundit3
750 3882 818 3956 luit
835 3880 898 3956 illa
915 3906 1058 3980 poenas

332 4003 382 4078 Et
400 4012 523 4078 secant
539 4014 700 4100 pontum,
720 3999 962 4100 gregibusque
981 4009 1165 4097 praesunt,

279 4197 281 4204 ,
333 4118 506 4193 Imbuunt
522 4127 672 4208 mentes,
692 4117 902 4192 relevantve
920 4115 1075 4213 morbos,

683 4232 816 4307 dura
833 4241 991 4304 tuentur.
1067 4305 1070 4310 Α
1133 4268 1135 4274 ¹

1232 225 1285 282 199
