2972 4738
598 241 717 296 LIBER
745 240 890 296 SEXTUS

157 425 257 503 Mors
274 429 381 527 rapit.
401 428 504 504 Haec
522 427 640 526 potior
657 428 773 524 sedes,
793 427 915 502 felicia
932 455 1026 520 rura,

156 540 208 620 Et
224 544 352 619 florent
363 545 520 642 juvenes
539 554 576 620 et
593 542 708 617 multo
725 543 852 618 robore
868 543 1043 641 pollent‚‚.

261 659 338 758 (M.)
361 659 545 735 “Luciferi
561 643 709 734 memini
728 659 848 755 libros,
867 659 1075 734 meminisse
1094 658 1232 736 libellos

157 773 264 852 Nunc
275 777 386 875 juvat
404 776 438 874 (o
457 776 595 850 utinam
613 774 736 850 cuncti
753 775 942 872 rapiantur
960 776 1005 850 ab
1024 776 1140 872 ignel)
1183 783 1185 786 ’

155 888 193 964 N
195 892 304 968 uncia
321 903 452 969 cuncta
469 891 644 968 ferunt'et
662 892 760 966 facta
777 892 935 967 recentia
952 903 1101 967 narrant

156 1003 383 1107 Unaquaque
402 1009 470 1083 die.
489 1007 706 1099 Quaerenda
723 1008 877 1104 pecunia
895 1008 1093 1106 primuml=

155 1120 259 1213 Quae
279 1135 364 1199 sunt
382 1151 477 1217 vera,
498 1149 641 1221 parum:
662 1123 765 1198 nobis
783 1123 974 1199 mendacia
991 1134 1153 1222 prosunt,

117 1263 120 1270 ⁴
154 1233 206 1310 Et
224 1237 355 1336 satyris
372 1240 534 1314 mordere
553 1265 707 1331 crucem,
727 1239 889 1314 mulcere
902 1239 1024 1314 ‘faceto

135 1345 137 1349 Α
156 1351 278 1428 Corda
296 1354 391 1452 stylo
409 1354 565 1452 placeat,
585 1381 783 1453 sensusque
802 1354 976 1430 lacessere
995 1356 1107 1430 torvis

155 1464 321 1565 Ignibus!
341 1470 445 1546 Haec
465 1470 596 1546 calami
614 1470 727 1545 nostri
739 1470 902 1568 jucunda
921 1470 1099 1568 voluptas,

154 1582 234 1659 Lex
252 1584 342 1661 haec
363 1587 498 1683 prima!
519 1587 667 1685 Legunt
683 1587 875 1661 tenebrosa
892 1585 1076 1661 volumina
1094 1587 1231 1685 passim

154 1697 360 1776 Fraudibus
378 1701 499 1777 allecti
518 1703 721 1800 vitiantque
739 1727 879 1776 venena
897 1701 1071 1799 palatum.

155 1813 188 1889 Ο
207 1816 327 1891 stulti!
348 1816 502 1892 Certant
518 1819 622 1893 vobis
639 1817 789 1892 illudere
807 1817 938 1914 captis,
1016 1847 1018 1854 ·
1036 1909 1038 1914 ι

154 1929 226 2021 Qui
244 1932 312 2006 sibi
330 1934 430 2008 lauta
448 1946 579 2033 parant
596 1933 775 2029 convivia,
794 1933 944 2030 praedia
961 1932 1087 2028 multa,

154 2043 205 2120 Et
222 2047 326 2146 bigas
344 2049 482 2125 celeres
500 2061 536 2126 et
555 2051 655 2126 celsa
673 2050 820 2147 palatia.
841 2049 972 2126 Stultil

151 2159 260 2238 Hanc
278 2163 407 2241 merito
424 2165 524 2241 luitis
542 2192 731 2264 poenam„

255 2279 311 2379 (P)
332 2281 582 2390 “Celebranda
600 2295 770 2382 typorum

153 2397 227 2472 Ars
247 2396 402 2496 (fateor),
423 2400 542 2475 cultro
561 2412 683 2475 tamen
701 2411 757 2474 est
775 2400 973 2497 aequanda,
995 2410 1162 2475 secantur

153 2512 283 2612 Ligna,
303 2515 390 2590 cibi:
410 2541 519 2591 saevo
536 2515 767 2591 terebrantur
784 2515 933 2590 vulnere
952 2515 1073 2591 corda.

153 2630 228 2705 Ars
246 2631 377 2706 ancilla
393 2633 514 2708 crucis
531 2633 598 2708 toti
616 2633 702 2708 olim
720 2631 856 2730 proluit
874 2631 960 2726 orbi,

153 2746 263 2823 Nunc
282 2760 391 2823 nocet
408 2749 560 2847 imperio
578 2750 663 2823 tetri
681 2749 848 2847 subjecta
866 2748 1044 2824 draconis.

153 2861 240 2938 Heu
257 2889 329 2938 non
348 2863 514 2940 diffiteor:
535 2865 676 2941 damnis
695 2874 779 2939 sunt
796 2865 898 2940 lucra
915 2865 1088 2957 minora„

254 2978 332 3079 (M.)
353 2981 559 3058 “Erudiunt
576 2983 709 3058 multos
728 2982 941 3080 spectacula
959 3007 1047 3055 sana
1064 2979 1223 3076 theatri,n

153 3093 264 3170 Nunc
284 3095 416 3172 vitiant
434 3097 570 3191 insana,
591 3096 714 3195 placet
731 3122 827 3172 nunc
847 3095 970 3171 fabula
987 3105 1139 3187 tantum,

154 3209 195 3287 Si
214 3211 349 3288 Veneri
368 3241 490 3289 sacras
509 3215 708 3290 adoleverit
725 3213 871 3311 ignibus
888 3240 980 3310 aras,

153 3327 263 3404 Nunc
279 3328 408 3404 humili
427 3358 532 3406 socco
550 3356 646 3405 nunc
666 3323 743 3406 alto'
757 3331 844 3404 nixa
861 3329 1054 3425 cothurn03

153 3442 255 3519 Dant
272 3446 439 3520 manibus
457 3446 608 3544 plausus
625 3445 763 3521 baculis
782 3473 823 3520 ac
845 3472 934 3521 voce
952 3445 1160 3519 frementes.

153 3557 304 3637 Scilicet
320 3562 519 3639 hauserunt
536 3563 747 3639 dulcissima
764 3563 897 3661 pocula
914 3561 1001 3658 vini,

154 3677 276 3754 Corda
294 3680 416 3756 calent
433 3681 597 3778 ratioque
616 3679 707 3773 silet,
729 3679 799 3754 vah
817 3678 936 3753 flebile
955 3675 1129 3775 vulgusl„

253 3797 334 3872 “En
351 3797 525 3874 conclaue
542 3807 655 3895 patet,
676 3796 835 3893 pretioso
853 3820 1030 3869 marmore
1048 3804 1215 3886 stratum,

155 3913 282 3991 Serica
298 3927 497 3992 nocturnas
515 3927 646 3990 ornant
664 3913 793 3988 aulaea
810 3912 996 4004 fenestras,

152 4030 254 4109 Ecce
272 4032 484 4132 pavimento
503 4029 738 4128 superaddita
755 4029 852 4127 picta
870 4027 990 4102 colore

151 4150 244 4224 Arte
262 4160 388 4247 tapeta
404 4150 543 4240 mantis,
564 4146 744 4244 fulgentia
761 4145 899 4219 lumina
916 4145 1051 4219 circum

152 4266 255 4342 Auro
273 4264 366 4340 fulta
382 4265 497 4363 gravi,
516 4262 625 4363 peplo
642 4288 715 4337 nox
732 4261 838 4336 furva
854 4258 1012 4352 recessit,
