2972 4738
530 242 650 296 LIBER
678 233 823 297 SEXTUS

103 427 145 505 Se
161 421 234 504 fore
252 429 392 504 vicinas
409 455 492 504 caro
509 430 641 504 novere
660 429 817 526 parenti:
881 464 885 470 ·

99 545 227 620 Nostra
245 544 341 619 salus
359 571 505 642 anceps,
527 556 563 619 et
582 555 759 643 quotquot
777 544 947 640 vivimus,
966 569 1038 620 una

101 659 186 758 Spes
203 660 304 736 fovet
321 671 498 754 aeternae,
518 687 590 735 non
608 671 709 736 certa
726 661 880 736 scientia
897 661 1006 734 vitae.

183 775 387 851 Tristantes
405 775 547 851 animae
561 776 639 873 jam
659 785 927 851 sunttentante
946 777 1130 873 probatae,
1183 851 1186 859 A

93 890 221 965 Nullus
240 891 343 965 adest
359 891 488 966 hostis:
507 917 574 966 nos
597 902 719 966 autem
737 891 874 989 proelia
892 902 1038 986 terrent,

93 1007 337 1104 infestantque
356 1033 450 1099 caro,
470 1005 645 1100 scelerati,
667 1007 862 1083 daemones
880 1034 1016 1083 omnes.

184 1123 389 1198 Tristantes
407 1122 558 1216 animae,
579 1149 672 1222 quae
691 1150 835 1221 semper
852 1149 973 1198 amore
991 1123 1211 1219 trahuntur,'·
1291 1130 1300 1162 '
1334 1121 1336 1128 ’

90 1240 124 1313 A
140 1249 239 1314 recto
256 1251 443 1337 nequeunt
455 1249 618 1337 unquam
637 1238 830 1314 deflectere
848 1238 949 1332 calle,

92 1354 219 1428 Certus
237 1381 336 1430 amor
362 1381 518 1452 semper:
538 1381 629 1452 quae
648 1353 774 1452 lingua
791 1365 976 1429 recenseat
993 1382 1117 1431 omnes

90 1468 239 1544 Errores
258 1468 467 1545 hominum?
484 1469 555 1544 Tot
573 1479 657 1544 sunt
672 1480 837 1568 peccata,
859 1479 946 1568 quot
965 1471 1083 1546 undae
1104 1467 1106 1472 ⁸
1164 1475 1167 1480 ’

91 1585 261 1660 lmmensi
280 1585 412 1684 pelagi,
433 1598 650 1684 sanctosque
668 1586 877 1684 coinquinat
894 1585 991 1683 ipsos

90 1701 208 1798 Culpa
225 1700 318 1777 levis
334 1745 384 1756 —
399 1725 471 1776 non
489 1714 544 1778 est
561 1703 630 1777 nisi
649 1703 768 1777 Mater
786 1703 954 1778 amabilis
972 1731 1055 1801 una,

90 1817 191 1908 Quae
211 1845 352 1916 semper
369 1818 479 1894 fuerit
495 1819 655 1917 cujusvis
673 1819 816 1914 integra
834 1819 945 1894 labis!

186 1932 385 2032 Suppliciis
404 1935 545 2010 animae
563 1946 787 2032 torquentur,
809 1945 846 2009 at
864 1936 980 2011 omnis
999 1964 1121 2012 earum
1185 2027 1187 2036 Ι

88 2047 270 2124 Continuo
287 2050 329 2125 fit
347 2077 463 2147 poena
479 2051 609 2125 minor:
630 2050 767 2125 leviora
784 2039 962 2125 malorum

87 2163 253 2239 Pondera
269 2192 334 2240 nos
352 2179 493 2264 urgent,
512 2165 597 2240 hinc
617 2189 736 2264 poena
753 2163 1099 2262 gravissima-ferme
1160 2221 1162 2226 ·

86 2276 285 2355 immutata
301 2292 435 2357 manet.
455 2275 609 2356 Veteres
627 2280 749 2354 dixere
769 2281 949 2376 magistri:
1018 2283 1022 2290 ’
1046 2365 1047 2372 ,

88 2392 229 2470 “Gutta
247 2409 356 2472 cavat
373 2397 542 2496 lapidem,
562 2423 634 2472 non
652 2389 692 2469 vi
708 2396 771 2471 sed
789 2423 896 2494 saepe
915 2396 1077 2478 cadendo
1089 2399 1123 2496 l„

85 2511 207 2586 Gutta
224 2512 326 2588 dolor
343 2526 481 2590 noster:
501 2513 559 2587 dic
578 2512 704 2610 poenis
723 2512 846 2588 debita
863 2537 952 2587 vasa

84 2627 240 2718 Quando
257 2629 517 2725 replebuntur?
606 2721 611 2730 ⁸

186 2745 318 2821 Poenis
337 2746 548 2820 cruciantur
565 2737 707 2820 acerbis

83 2859 292 2934 Tristantes
310 2861 461 2953 animae,
481 2859 715 2935 nihilominus
736 2886 823 2934 ecce
841 2859 1006 2934 volentes

84 2975 258 3050 Subdunt
276 2975 371 3051 colla
388 2976 482 3051 Deo:
501 3002 583 3070 rara
601 2986 658 3051 est
675 2975 853 3074 patientia
870 2986 1004 3071 nostra,

84 3089 241 3188 Saepius
259 3103 315 3166 est
332 3092 459 3185 rabies,
480 3092 793 3184 excandescentia,
815 3091 906 3165 sica!

184 3207 330 3305 Ecquid
347 3208 466 3283 adhuc
486 3208 640 3286 addam?
658 3209 738 3299 Quo
756 3207 962 3282 delectatur
979 3231 1099 3280 amore

80 3323 232 3398 Moesta
247 3336 395 3417 caterva
413 3327 581 3424 precum!
602 3326 772 3402 Festivos
790 3323 951 3400 conciuit
969 3321 1124 3418 hymnos

80 3438 205 3514 C'orde
223 3431 363 3516 calente
381 3443 470 3536 Deo,
492 3443 691 3540 dignasque
709 3441 908 3539 rependere
927 3450 1049 3536 grates
1093 3497 1096 3503 .

77 3555 214 3630 Ambit
232 3583 343 3632 ovans
363 3559 474 3651 Patri,
495 3585 602 3656 quem
621 3557 787 3655 supplice
806 3583 896 3630 voce
915 3554 1055 3650 fatigat,

78 3670 137 3744 Ut
156 3671 294 3746 tribuat
311 3674 415 3748 nobis
434 3686 606 3748 aeternae
623 3700 775 3748 munera
791 3673 907 3770 pacis:

75 3786 222 3861 Nostra
247 3787 434 3864 hominum
452 3817 538 3865 vero
555 3817 664 3887 parca
682 3801 738 3864 est
756 3787 879 3880 oratio,
899 3813 1019 3885 pauca

75 3904 215 3978 Tradit
232 3931 343 3980 avara
359 3932 498 3999 manus,
520 3933 582 3980 cor
600 3904 671 3980 heu
688 3931 762 3980 non
780 3913 957 3980 consonat
977 3902 1038 3994 ori,

72 4022 193 4095 Dona
210 4021 337 4096 damus
355 4022 485 4097 vitiata
502 4022 593 4096 Deo.
611 4063 661 4076 -
679 4014 739 4096 Sic
759 4021 893 4118 accipe,
914 4017 1049 4110 Chlori,

71 4136 231 4234 Accipe,
252 4137 473 4232 Leucothoe,
493 4137 651 4213 melioris
669 4136 831 4235 pondera
849 4134 975 4209 lancis.

186 4251 255 4348 (L.)
276 4253 477 4328 Fortunate
496 4279 615 4346 senex,
636 4257 756 4328 rerum
776 4251 946 4348 fandique
964 4250 1093 4348 perite,
