2972 4738
645 214 859 271 CARMINUM
897 267 900 272 .

44 387 47 394 ¹
162 395 241 476 Ver
257 399 342 476 tulit
360 401 397 475 in
414 400 568 478 calathis
585 403 786 500 fragrantia
802 431 953 480 munera
970 405 1107 497 florum,

6 517 54 616 ’,
161 515 261 594 Vina
278 516 436 593 Falerna
452 529 603 611 tument,
624 531 709 594 sunt
726 520 863 596 fercula
881 521 991 617 digna
1013 521 1173 615 Luculla

7 627 29 738 pff
65 721 69 728 Ι
133 643 134 646 ’
164 631 226 708 Ad
242 659 432 708 numerum
450 633 560 709 motis
577 634 762 710 revolutas
780 649 858 711 arte
876 637 1020 712 choreus

68 819 70 824 ,
163 749 222 824 En
240 748 420 846 plaudunt
436 751 601 848 pedihus
620 751 750 849 plenae
769 753 988 828 clamoribus
1007 781 1127 828 aurae.

1 903 43 944 ,’
76 859 92 874 ”
163 863 283 940 Dulce
300 864 436 940 malum
454 864 585 964 pelago
605 865 749 942 Sirenes
767 894 854 944 voce
872 894 1003 944 canora

8 945 9 950 i
37 979 42 1002 ²
76 1047 79 1058 .
163 979 361 1066 Detinuere
379 991 491 1056 rates:
511 981 679 1059 effrontes
698 1010 785 1058 ecce
803 983 947 1082 puellae

7 1113 10 1122 ¹
163 1096 265 1189 Arte,
285 1095 410 1189 oculis,
430 1096 558 1172 habitu
570 1098 748 1195 juvenum
767 1098 963 1197 depascere
982 1098 1093 1174 corda

9 1183 20 1274 ,⁸
32 1205 43 1272 Ϊ
163 1211 351 1304 Nituntur,
370 1211 521 1309 capiunt
538 1211 686 1310 laqueis,
708 1212 779 1287 heu
798 1213 970 1312 sulphure
988 1213 1133 1288 flamma

48 1333 49 1336 ’
163 1327 337 1401 Nascitur
355 1327 490 1422 attrito,
510 1328 701 1403 tabescunt
719 1331 844 1406 saucia
862 1329 972 1404 corda

68 1525 70 1532 ¹
158 1442 386 1524 Criminibus
403 1445 540 1520 multis.
558 1445 713 1542 Argenti
732 1447 873 1544 pondus
891 1457 928 1519 et
946 1445 1024 1520 auri
1044 1527 1046 1531 ¹

163 1558 330 1634 Effusum
348 1559 488 1636 choreis
505 1560 585 1634 vitii
602 1562 805 1657 grassantis
823 1561 940 1658 origo!

9 1749 13 1760 ,
77 1675 78 1680 ’
164 1675 362 1752 Omiseros
373 1678 547 1774 juvenes!
569 1675 616 1752 Se
635 1676 746 1752 fortes
764 1704 843 1752 esse
861 1677 1055 1776 picemque

164 1792 332 1890 Tangere
348 1820 456 1890 posse
474 1804 613 1890 putant,
636 1794 722 1891 quin
740 1795 884 1869 sordeat
902 1793 1000 1868 illita
1011 1793 1151 1890 palma!

82 1981 83 1984 ,
108 1975 109 1982 ,
165 1907 325 1984 Venales
343 1909 460 2006 pretio
478 1936 543 2006 per
561 1909 721 2007 compita
739 1909 814 1984 lata
831 1921 1012 2006 vagantur

52 2091 54 2096 .
164 2025 288 2123 Atque
306 2052 396 2100 aevo
414 2035 536 2100 nostro
553 2052 704 2100 numero
721 2028 868 2101 crevere
887 2025 1039 2122 puellae.

72 2209 75 2218 ,
166 2139 198 2218 Ο
216 2141 365 2216 miseros
376 2141 548 2240 juvenes!
571 2140 665 2217 Sunt
681 2168 769 2217 auro
787 2141 936 2216 vincula
952 2143 1062 2218 nexa!

164 2258 217 2331 At
234 2257 328 2332 ferro
346 2257 515 2354 graviora
532 2257 691 2354 rigenti„

265 2371 334 2471 (P.)
357 2372 475 2449 “Sunt
492 2399 575 2447 rura
594 2373 714 2470 beata,
938 2457 940 2462 ,

96 2543 102 2584 4
165 2489 267 2581 Quae
284 2516 356 2564 non
375 2488 487 2564 stulta
505 2488 580 2562 suis
599 2501 725 2564 onerat
743 2489 922 2587 sapientia
941 2489 1057 2579 libros·
1144 2481 1145 2484 ¹

165 2605 260 2681 Sunt
276 2605 380 2680 nohis
398 2605 517 2703 pauci,
539 2631 628 2702 quos
648 2605 775 2680 dextra
793 2604 933 2679 volutat
950 2605 987 2678 in
1005 2605 1105 2701 aede,

165 2721 372 2797 Sufficiuntl
392 2720 497 2795 Alios
515 2721 634 2798 felicia
651 2747 735 2796 rura
751 2721 973 2795 ministrant:

63 2917 73 2940 =.
165 2836 259 2913 Sunt
276 2849 420 2912 auctore
438 2836 518 2912 Deo
536 2837 741 2934 conscripta
759 2836 944 2911 volumina
961 2836 1073 2928 nobis,

165 2952 267 3044 Quae
285 2952 417 3028 lustrat
435 2951 589 3051 simplex
608 2952 732 3027 oculus
749 2953 984 3050 Thyrsusque
1002 2943 1176 3050 magister
1271 2957 1275 2972 ’

68 3117 72 3152 ;
120 3089 123 3094 “
161 3069 348 3167 Explicat.
367 3069 425 3142 En
444 3067 575 3142 saliens
593 3068 693 3143 rivus
710 3069 886 3166 floresque
905 3095 1037 3143 suaves

163 3185 215 3259 Et
233 3184 356 3260 lolium
376 3194 412 3258 et
431 3194 574 3281 segetes
592 3195 628 3258 et
647 3211 734 3283 apes
752 3184 934 3282 siluaeque
952 3183 1124 3281 capellae,

163 3302 310 3377 Montes
327 3311 364 3376 et
382 3299 497 3374 valles
516 3311 552 3374 et
570 3300 665 3375 vasti
684 3300 802 3376 sidera
820 3299 914 3376 coeli

164 3417 258 3493 Sunt
274 3416 427 3492 totidem
446 3415 537 3509 libri,
558 3416 689 3514 quihus
707 3417 859 3492 utimur!
879 3417 980 3492 Ecce
1000 3414 1100 3490 libell
1110 3415 1117 3430 ’

162 3533 257 3609 Sunt
275 3533 384 3608 etiam
401 3531 531 3607 nostri:
551 3531 720 3624 referunt,
742 3532 827 3629 quid
846 3543 976 3628 agatur
993 3532 1030 3605 in
1049 3531 1122 3606 oris

161 3649 313 3728 Aeterni
332 3647 463 3723 Patris.
482 3647 599 3722 Nobis
617 3657 673 3722 est
690 3636 789 3722 terra¹
805 3648 998 3722 theutrum:

162 3765 256 3840 Sunt
273 3764 438 3840 homines
454 3763 564 3857 mimi,
585 3762 774 3838 lacrimosa
791 3762 980 3860 tragoedia
998 3763 1086 3837 vita.

76 3913 92 3928 ·’
162 3880 202 3958 Si
219 3881 310 3956 bene
328 3907 386 3954 res
404 3880 532 3977 agitur,
554 3880 640 3956 felix
658 3881 750 3956 bene
769 3881 911 3978 plaudit
929 3881 1121 3978 Olympus,

28 3975 67 4080 ξ’,
160 3996 330 4072 Vivendo
348 3996 530 4091 morimur,
551 3997 694 4072 levibus
711 4023 777 4095 par
794 3997 871 4071 vita
888 3997 1031 4088 choras,

1 4170 11 4207 s
24 4095 48 4182 ξ’ι
160 4111 245 4188 Non
264 4112 420 4187 arcenda
436 4138 557 4187 comes
574 4139 671 4188 mors
690 4124 755 4205 est,
776 4122 813 4187 et
831 4123 947 4186 m'orte
964 4122 1127 4186 rotamur

158 4228 221 4306 Ad
237 4254 427 4304 numerum
446 4225 602 4319 crucis„
