2930 4734
551 239 669 292 LIBER
698 237 887 292 SEPTIMUS

235 427 308 523 (F.)
326 426 425 500 Mors
442 425 604 500 imminet
623 433 710 516 atra]

136 543 222 618 Non
238 541 303 616 ulli
320 541 446 639 parcit,
466 540 647 637 tacitoque
666 539 844 615 cadevera
860 539 968 614 busto

137 657 357 750 (tondentur,
371 657 487 755 judex
506 655 681 730 advectus
698 656 791 730 nube
808 653 932 747 curuli,

136 772 187 848 Et
205 773 290 848 solis
306 772 445 869 fulgore
462 771 592 863 nitens,
610 771 853 846 circumdatus
871 798 954 846 ecce

137 888 311 964 Ooetibns
329 886 511 984 angelicis,
532 898 569 961 et
585 886 775 983 majestate
793 886 998 962 tremendus

136 1002 307 1079 Criminis
325 1003 420 1079 ultor
438 1003 555 1077 adest!
577 1001 796 1076 Advolvitur
812 1003 976 1100 improba
993 1001 1107 1092 turba,

137 1117 212 1194 Ore
228 1130 327 1193 metu
345 1119 492 1217 pallent,
515 1145 586 1193 vox
604 1119 685 1192 imis
703 1118 866 1192 faucibus
883 1116 1015 1209 haeret,

136 1233 275 1308 Horror
291 1235 452 1309 membra
470 1233 597 1332 quatit,
616 1233 757 1330 gelidus
775 1233 964 1307 formidine
983 1231 1140 1330 sanguis.

136 1348 269 1424 Omnia
285 1349 396 1424 totius
414 1349 619 1446 panduntur
637 1349 786 1422 crimina
803 1348 926 1422 mundi

136 1465 247 1540 Teste
265 1464 365 1558 libro,
383 1466 520 1539 trutina
537 1465 713 1540 librantur
731 1464 848 1556 corda,
870 1476 1041 1539 nocentes

138 1579 289 1676 Ignibus
306 1580 490 1654 immensis
507 1579 578 1653 heu
595 1579 857 1676 torquebuntur
874 1579 911 1652 in
929 1605 1069 1653 aevum.

136 1693 239 1785 Quae
256 1722 322 1770 nos
339 1694 415 1770 fata
431 1699 600 1770 manent?
618 1694 731 1769 Felici
751 1695 964 1770 occumbere
983 1694 1055 1768 leto

137 1812 199 1884 An
217 1811 361 1886 dabitur
377 1810 503 1884 nobis?
519 1809 587 1884 Est
605 1809 695 1884 eheu
715 1835 831 1905 poena
849 1819 1031 1906 superstes

136 1925 290 2000 Deletae
307 1925 444 2023 culpae,
464 1923 631 2022 lacrymis
649 1923 785 1998 sociare
804 1923 943 1998 dolores

137 2041 199 2114 Me
217 2041 326 2138 piget,
347 2052 383 2115 et
401 2040 546 2114 memini
565 2039 695 2137 culpae
714 2039 908 2114 succedere
927 2037 1082 2135 culpam,

136 2157 278 2253 Augeo,
298 2182 369 2230 non
387 2155 508 2230 minuo
526 2154 653 2230 mulier
672 2155 883 2230 stultissima
900 2181 1063 2252 poenam.

138 2271 341 2347 Torrebunt
357 2271 531 2363 flammae,
552 2272 611 2369 qui
630 2271 756 2344 nolunt
774 2270 929 2368 pendere
947 2297 1090 2368 poenes,
1154 2256 1155 2264 ἵ

140 2387 240 2480 Quas
257 2391 418 2462 merulue
436 2387 526 2485 pati3
545 2387 746 2460 rarissimus
764 2386 882 2461 incola
899 2396 1015 2460 terrae

140 2503 346 2600 Ingreditur
364 2503 518 2578 moriens
537 2501 599 2576 alti
618 2503 818 2599 penetralia
835 2501 937 2577 coeli.

237 2618 312 2708 (G.)
331 2619 445 2694 Dictis
463 2619 562 2693 dicta
580 2645 717 2715 sequor.
739 2619 775 2693 Si
796 2619 851 2691 vis
869 2644 1012 2714 sperare
1031 2616 1196 2710 salutem,

139 2735 192 2810 Et
208 2733 361 2808 moriens
379 2734 497 2808 subito
515 2733 662 2809 coelesti
681 2733 765 2809 sede
783 2733 898 2830 potiri,

149 2849 325 2926 Continuo
342 2861 378 2924 te
397 2850 505 2942 disce,
527 2876 633 2941 soror,
654 2850 830 2947 sapientia
848 2847 970 2922 multis

142 2965 259 3061 (Haec
277 2992 418 3062 semper
434 2965 640 3040 meminisse
653 2963 772 3063 juvat)
793 2964 1014 3059 conquiritur
1032 2961 1144 3055 annis

140 3080 315 3156 Discendi
332 3080 414 3154 finis
432 3079 478 3154 sit
496 3081 608 3156 nostri
626 3081 800 3155 terminus
819 3079 910 3154 aevi.

241 3195 314 3292 (F.)
332 3196 383 3268 At
401 3195 488 3270 satis
506 3222 663 3270 errorum
681 3195 815 3292 primes
833 3219 1048 3290 cognoscere
1066 3217 1201 3284 causae,

141 3313 314 3388 Errorum
332 3311 496 3385 cumulos
515 3323 551 3386 et
568 3323 700 3385 cuncta
718 3309 876 3407 pericula
893 3335 1008 3400 nosse,

142 3427 250 3502 Hanc
270 3454 417 3524 possum
436 3427 596 3501 breviore
615 3427 676 3500 via
693 3425 901 3522 contingere
920 3434 1063 3498 metam.

243 3541 315 3638 (G.)
337 3543 499 3639 Falleris,
519 3543 614 3617 alme
632 3569 738 3634 soror,
759 3567 948 3615 numerum
967 3560 1180 3636 quaeremus

1168 3660 1309 3749 oportet

144 3774 353 3872 Culparum,
373 3774 514 3872 pondus
533 3784 655 3870 pateat
673 3772 789 3846 levius
807 3768 1039 3866 graviusque:

145 3890 217 3966 Gor
235 3890 350 3965 simile
369 3900 424 3964 est
441 3888 582 3987 pelago²
603 3914 697 3961 nunc
717 3887 839 3961 littora
857 3884 991 3982 proluit
1009 3895 1121 3975 aestu,

146 4007 254 4081 Nunc
275 4034 359 4080 vero
376 4006 490 4079 nudat
508 4003 604 4078 lente
622 4003 854 4076 refluentibus
872 4000 986 4091 undis,

146 4120 349 4215 Accedunt,
370 4121 503 4196 abeunt
521 4146 652 4192 noxae:
671 4116 864 4216 cujuslibet
882 4125 999 4189 ortum

146 4237 264 4313 Nosse
276 4237 393 4335 juvet,
416 4236 537 4330 vitam,
558 4259 795 4330 supremaque
814 4231 939 4306 funera
957 4230 1099 4328 culpae.
