3040 4732
643 299 869 356 CARMINUM.

226 479 304 564 Nos
322 489 429 564 docet
446 515 524 562 esse
542 487 621 585 pios
638 487 839 586 vitiumque
851 487 1025 586 repellere
1044 488 1135 563 sacri

132 696 135 700 ι
324 604 474 703 Semper
490 603 646 678 tribunal
657 603 805 702 judicis.

225 715 274 795 In
285 720 423 818 templo
435 720 566 818 jubeor
583 719 750 803 meliores
768 719 903 817 fingere
920 746 1048 814 mores,

223 913 232 938 Π,
246 847 260 928 '3
306 870 308 874 ’
322 835 373 913 Et
389 837 513 935 lingua
530 834 671 910 mordet
688 833 842 910 desides:

226 953 301 1031 Our
317 955 428 1055 igitur
445 954 557 1031 stulta
572 983 630 1030 me
649 945 739 1030 voce
757 950 953 1050 redarguis,
973 951 1033 1025 uni

322 1072 420 1147 Dum
437 1071 588 1147 concino
606 1069 702 1145 domi
718 1069 829 1144 Deo?

227 1187 344 1286 Saepe
361 1187 461 1263 leves
478 1186 640 1262 homines
658 1185 762 1259 Fidei
780 1180 980 1281 penetralia
997 1193 1121 1258 sancta

321 1303 486 1378 Turbant
502 1303 653 1401 profana
669 1301 826 1398 barbit03

226 1419 344 1517 Saepe
361 1419 493 1495 docent
509 1418 658 1494 miseros
675 1416 811 1492 nullam
830 1442 974 1514 sperare
992 1414 1155 1509 salutern,

321 1535 529 1610 Trahuntur
545 1535 583 1608 in
599 1544 695 1609 terra
712 1559 847 1629 morae3

227 1651 344 1750 Saepe
361 1651 478 1727 modis
495 1649 657 1727 citharae
673 1659 799 1746 turpes
817 1646 989 1722 luduntur
1007 1674 1156 1740 amores,
1187 1731 1190 1736 Α

323 1765 458 1842 Rident
475 1793 633 1842 amorem
650 1764 822 1860 numinis3

226 1881 336 1958 Melle
354 1892 497 1958 tument
514 1874 654 1974 calices,
674 1879 738 1955 sed
755 1878 979 1955 formidanda
996 1879 1195 1955 recondunt

323 1999 484 2092 Venena,
504 2025 596 2096 quae
613 1997 705 2072 bibit
724 2023 848 2094 puer...

226 2114 375 2191 Haecce
393 2124 540 2190 vetante
558 2113 637 2189 Deo
654 2139 726 2188 non
743 2137 902 2209 unquam
921 2111 1082 2188 carmina
1099 2123 1220 2210 cante,

323 2229 420 2304 Iram
436 2229 601 2304 timerem
623 2227 800 2304 vindicis!
905 2318 907 2332 Ι

226 2344 455 2424 Silvarumne
473 2370 605 2438 comas,
625 2343 1008 2441 lambentes-gramina
1025 2343 1131 2437 rivos,

323 2461 497 2537 Dicamve
515 2459 716 2558 fragrantes
733 2463 859 2534 rosas?

225 2579 286 2652 An
301 2578 416 2653 flavas
433 2603 628 2653 memorem
646 2587 789 2674 segetes
805 2574 1034 2674 tumidosque
1051 2601 1212 2672 racemos

322 2693 374 2768 Et
390 2720 481 2768 cana
497 2692 674 2767 montium
686 2692 808 2790 juga?

224 2811 476 2908 Argentumne
493 2805 571 2906 lyra
589 2808 768 2883 celebrem
786 2807 990 2907 viridesque
1008 2808 1228 2908 smaragdos,

322 2925 471 3000 Eburve
490 2923 632 3022 Gangis
648 2921 850 3020 inclytum?

225 3040 360 3118 Dulcia
376 3040 552 3117 laetorum
570 3066 641 3114 non
659 3065 790 3136 respuo
807 3039 967 3116 carmina
983 3052 1110 3118 vatum
1126 3081 1176 3096 -

321 3158 374 3231 At
392 3156 484 3231 ferre
502 3155 563 3254 qui
580 3154 675 3252 grati
693 3154 829 3248 volunt,

224 3273 323 3348 Dum
341 3273 502 3372 speciosa
518 3283 661 3364 canunt,
683 3270 845 3369 specioso
863 3283 950 3347 vcta
968 3271 1125 3370 Ferenti,

323 3388 472 3487 Majoris
488 3389 569 3464 illos
587 3388 750 3464 aestimo.
796 3408 805 3458 J

224 3502 296 3580 His
313 3530 381 3602 ego
398 3504 599 3580 consocier:
617 3503 708 3579 liber
726 3513 781 3578 est
798 3503 887 3579 haec
904 3514 1001 3580 tarra
1016 3503 1205 3603 polusque,

322 3617 518 3718 Unumque
536 3621 715 3696 discamus
733 3619 863 3694 Deum.

225 3734 404 3811 Uberiora
420 3761 584 3812 canam...
604 3762 683 3811 sum
702 3733 838 3811 Christi
856 3736 973 3812 Fonte
990 3746 1147 3830 renatus,

322 3849 421 3926 Novi
439 3851 607 3926 sacerdos
625 3850 821 3946 Foederisl

225 3968 326 4046 Ecce
344 3995 526 4046 crucem...
548 3980 713 4068 portenta
730 3970 851 4046 crucis
867 3970 1021 4046 cantabo
1038 3970 1168 4046 beatus

323 4083 451 4186 Usque
469 4085 515 4160 ad
534 4111 702 4194 suprema
719 4085 855 4162 funera.
