2962 4742
233 145 288 200 442
600 237 603 246 Δ
709 137 923 208 cunuruuu

234 339 285 416 Et
301 338 493 416 macilenta
510 351 679 438 premunt
696 339 823 414 avidas
834 339 976 437 jejunia
994 339 1128 435 fauces,

332 455 383 529 Et
398 453 571 530 tremulos
589 465 688 528 artus
704 464 849 552 torquet
866 452 997 528 anhela
1014 455 1103 530 sitis.

234 569 324 645 Dira
339 567 483 666 flagella
500 581 638 664 sonant,
658 567 863 643 lacerantur
881 570 1028 644 verbere
1046 580 1160 668 terga,

331 686 454 784 Atque
471 686 618 760 brevem
637 710 801 758 somnum
820 684 909 758 dura
926 684 1106 761 ministrat
1124 685 1267 762 humus.

233 801 430 901 Progenies
448 801 582 876 dilecta
599 799 687 894 Deo,
708 827 778 898 qua
796 799 958 898 supplice
977 801 1120 876 cunctis

330 917 438 993 Pacis
456 914 552 990 oliva
569 925 694 1008 tumet,
714 914 810 990 bella
827 927 976 990 cruenta
993 915 1111 992 silent.

231 1033 338 1110 Hanc
356 1032 477 1107 Padus
496 1043 533 1105 et
550 1030 710 1132 Ganges,
729 1031 878 1106 Rhenus
899 1031 1168 1132 Rhodanusque
1187 1033 1391 1135 Tagusque‚
1459 1021 1460 1054 ³

330 1147 451 1246 Tigris
468 1158 505 1222 et
522 1146 739 1244 Euphrates,
760 1146 867 1221 Nilus
885 1159 922 1222 et
939 1147 1033 1222 Ister
1051 1147 1141 1246 adit3

231 1264 386 1340 Flumen
404 1263 652 1356 Amazonium,
672 1261 780 1337 celsis
799 1262 997 1337 verticibus
1014 1264 1130 1357 Atlas,

332 1378 466 1455 Oceani
484 1377 592 1453 tellus
610 1404 670 1452 ore
688 1376 822 1452 salutat
840 1405 979 1472 ovans.¹

231 1494 315 1569 Hac
331 1506 433 1570 tanta
451 1492 572 1568 sobole
590 1492 676 1568 felix
694 1481 837 1585 laetare,
858 1494 1040 1569 sacerdos!

329 1608 549 1684 Infremuere
567 1607 771 1705 lupi-caula
788 1609 951 1684 recondit
969 1638 1065 1686 oves.

231 1723 335 1800 Haec
355 1725 444 1817 Tua,
465 1735 589 1798 sancte
608 1723 733 1798 Pater!
753 1724 882 1799 moesti
901 1724 1030 1801 solatia
1045 1726 1172 1824 cordis,

330 1839 433 1916 Haec
450 1838 561 1937 tergit
578 1839 744 1914 lacrimas
763 1839 858 1915 alma
876 1867 1009 1916 corona
1026 1853 1120 1918 tuas.
1138 1886 1189 1898 -·

139 2007 141 2014 ,
232 1953 286 2030 Te
304 1982 444 2054 quoque
462 1982 565 2030 sacra
582 1953 743 2052 phalanx
761 1955 943 2030 coelorum
962 1957 1046 2031 sede
1065 1958 1181 2055 potita
1238 1967 1242 1972 ’

328 2070 467 2168 Diligit,
489 2082 525 2144 et
541 2069 669 2167 clypeo
687 2069 762 2144 tela
779 2070 930 2146 trisulca
947 2071 1060 2168 fugat.

230 2186 329 2262 Pone
347 2198 494 2279 metum,
515 2187 719 2283 grandaeva
738 2215 858 2286 senex,
877 2188 960 2262 Tibi
988 2189 1094 2287 Virpo
1113 2193 1284 2287 patrona!

326 2302 428 2378 Ecce
445 2302 536 2377 nitet
554 2301 638 2398 solis
655 2302 808 2382 candida
825 2304 907 2379 luce
926 2303 1028 2396 stola,

230 2417 296 2493 Bis
314 2418 409 2493 senis
427 2417 579 2492 sublime
597 2427 709 2514 caput
726 2418 914 2494 redimitur
932 2419 977 2492 ah
996 2419 1112 2512 astris,

327 2533 378 2608 Et
394 2532 521 2607 lambit
538 2531 663 2606 niveos
682 2532 767 2607 luna
785 2535 914 2632 supina
932 2534 1057 2631 pedes3

229 2648 370 2747 Aligeri
382 2649 538 2746 juvenes
555 2647 787 2723 modulantur
804 2649 965 2724 carmina
983 2676 1085 2746 voce;

329 2764 441 2840 Tetra
459 2791 598 2839 venena
616 2764 725 2838 draeo
743 2765 845 2840 fauce
862 2776 1023 2841 tumente
1043 2766 1168 2843 vomit.

232 2879 348 2978 Virgo
366 2905 505 2978 parens,
526 2882 668 2955 Aurora
684 2881 768 2954 novi
786 2890 826 2954 tu
843 2881 971 2956 nuntia
990 2880 1093 2974 Solis,
1125 2947 1128 2954 r

327 2995 384 3069 Tu
401 2995 528 3092 regina
544 3007 681 3093 potens,
701 3023 838 3095 semper
855 2996 973 3071 amica
990 2996 1086 3072 Deol

232 3108 368 3186 Polluit
384 3137 471 3185 ecce
488 3137 603 3207 genus
621 3122 809 3198 contracta
827 3111 872 3185 ab
891 3111 1027 3208 origine
1046 3112 1159 3188 labes:

329 3225 386 3300 Tu
402 3225 530 3302 melior
548 3226 688 3301 cunctis
705 3226 828 3301 nescia
845 3225 946 3319 labis,
967 3227 1064 3302 Ave!

231 3341 290 3415 En
307 3368 388 3418 rosa
404 3342 591 3439 consurgit
608 3341 774 3416 foliorum
793 3342 893 3417 dives
911 3342 948 3415 in
966 3341 1082 3438 horto,

326 3458 502 3556 Tegmine
520 3458 673 3552 sublato,
694 3485 786 3555 quae
803 3457 949 3551 latuere,
962 3470 1100 3557 puteat.

230 3567 354 3650 Giana
370 3575 609 3649 reconduntur
625 3573 796 3648 flaventia
812 3574 930 3649 mollis
948 3574 1088 3666 aristae,

327 3690 468 3766 Verber
485 3690 587 3766 adest
605 3690 785 3788 quatiens:
806 3690 925 3764 omnia
942 3716 1055 3787 grana
1065 3699 1215 3788 putarat:

231 3805 291 3881 Sic
310 3817 472 3881 veterum
490 3818 723 3880 monumenta
732 3817 869 3905 putarat,
890 3805 1036 3880 oracula
1052 3806 1187 3880 mundo

326 3920 418 3996 Esse
437 3921 540 3996 docet
558 3919 644 3996 felix
663 3947 722 3995 ore
740 3931 889 4019 potente
908 3920 1012 3994 Piusl

90 4045 93 4052 '
231 4035 356 4111 Macte
374 4036 485 4134 igitur
503 4036 635 4110 virtute
655 4063 774 4129 senex
797 4063 902 4134 quem
921 4036 1087 4110 novimus
1104 4035 1176 4110 ista

327 4150 501 4248 Virgineo
520 4152 632 4249 capiti
649 4162 746 4227 serta
764 4151 905 4228 dedisse
923 4152 1033 4226 noval
