<?xml version="1.0" encoding="UTF-8"?>
<!DOCTYPE html PUBLIC "-//W3C//DTD XHTML 1.0 Transitional//EN"
    "http://www.w3.org/TR/xhtml1/DTD/xhtml1-transitional.dtd">
<html xmlns="http://www.w3.org/1999/xhtml" xml:lang="en" lang="en">
 <head>
  <title>
</title>
<meta http-equiv="Content-Type" content="text/html;charset=utf-8" />
  <meta name='ocr-system' content='tesseract 3.04.00' />
  <meta name='ocr-capabilities' content='ocr_page ocr_carea ocr_par ocr_line ocrx_word'/>
</head>
<body>
  <div class='ocr_page' id='page_1' title='image "./carminumlibrioc00schngoog_0475.png"; bbox 0 0 2962 4742; ppageno 0'>
   <div class='ocr_carea' id='block_1_1' title="bbox 155 228 845 297">
    <p class='ocr_par' dir='ltr' id='par_1_1' title="bbox 155 228 845 297">
     <span class='ocr_line' id='line_1_1' title="bbox 155 228 845 297; baseline 0 -2"><span class='ocrx_word' id='word_1_1' title='bbox 155 228 209 286; x_wconf 79' lang='lat'>450</span> <span class='ocrx_word' id='word_1_2' title='bbox 632 239 845 297; x_wconf 69' lang='lat' dir='ltr'>carminum</span> 
     </span>
    </p>
   </div>
   <div class='ocr_carea' id='block_1_2' title="bbox 150 425 1167 4334">
    <p class='ocr_par' dir='ltr' id='par_1_2' title="bbox 153 425 1109 2373">
     <span class='ocr_line' id='line_1_2' title="bbox 155 425 1098 526; baseline 0 -24"><span class='ocrx_word' id='word_1_3' title='bbox 155 425 250 502; x_wconf 84' lang='lat' dir='ltr'>Gara</span> <span class='ocrx_word' id='word_1_4' title='bbox 267 427 421 502; x_wconf 81' lang='lat' dir='ltr'>secando</span> <span class='ocrx_word' id='word_1_5' title='bbox 439 426 524 522; x_wconf 87' lang='lat' dir='ltr'>dies,</span> <span class='ocrx_word' id='word_1_6' title='bbox 546 454 656 526; x_wconf 92' lang='lat' dir='ltr'>quum</span> <span class='ocrx_word' id='word_1_7' title='bbox 674 454 741 502; x_wconf 91' lang='lat' dir='ltr'>nos</span> <span class='ocrx_word' id='word_1_8' title='bbox 759 439 934 503; x_wconf 86' lang='lat' dir='ltr'>renovata</span> <span class='ocrx_word' id='word_1_9' title='bbox 951 427 1098 525; x_wconf 88' lang='lat' dir='ltr'>salutas,</span> 
     </span>
     <span class='ocr_line' id='line_1_3' title="bbox 251 543 1051 642; baseline 0.005 -26"><span class='ocrx_word' id='word_1_10' title='bbox 251 543 384 640; x_wconf 84' lang='lat' dir='ltr'>Irrigat</span> <span class='ocrx_word' id='word_1_11' title='bbox 401 543 564 618; x_wconf 87' lang='lat' dir='ltr'>assiduas</span> <span class='ocrx_word' id='word_1_12' title='bbox 582 543 744 640; x_wconf 88' lang='lat' dir='ltr'>lacryma</span> <span class='ocrx_word' id='word_1_13' title='bbox 761 543 842 618; x_wconf 88' lang='lat' dir='ltr'>fusa</span> <span class='ocrx_word' id='word_1_14' title='bbox 859 570 983 642; x_wconf 87' lang='lat' dir='ltr'>genas.</span> <span class='ocrx_word' id='word_1_15' title='bbox 1001 585 1051 597; x_wconf 92' lang='lat'>—</span> 
     </span>
     <span class='ocr_line' id='line_1_4' title="bbox 155 657 982 758; baseline 0.001 -25"><span class='ocrx_word' id='word_1_16' title='bbox 155 657 194 734; x_wconf 86' lang='lat' dir='ltr'>Si</span> <span class='ocrx_word' id='word_1_17' title='bbox 212 684 278 733; x_wconf 93' lang='lat' dir='ltr'>nos</span> <span class='ocrx_word' id='word_1_18' title='bbox 295 686 427 757; x_wconf 74' lang='lat' dir='ltr'>mopso</span> <span class='ocrx_word' id='word_1_19' title='bbox 444 659 538 758; x_wconf 90' lang='lat' dir='ltr'>rapit</span> <span class='ocrx_word' id='word_1_20' title='bbox 555 659 684 734; x_wconf 80' lang='lat' dir='ltr'>reclusi</span> <span class='ocrx_word' id='word_1_21' title='bbox 702 657 821 752; x_wconf 87' lang='lat' dir='ltr'>fontis,</span> <span class='ocrx_word' id='word_1_22' title='bbox 842 659 982 736; x_wconf 78' lang='lat' dir='ltr'>amicae</span> 
     </span>
     <span class='ocr_line' id='line_1_5' title="bbox 250 772 1088 872; baseline -0.001 -24"><span class='ocrx_word' id='word_1_23' title='bbox 250 774 373 872; x_wconf 78' lang='lat' dir='ltr'>Major</span> <span class='ocrx_word' id='word_1_24' title='bbox 391 773 507 850; x_wconf 89' lang='lat' dir='ltr'>adhuc</span> <span class='ocrx_word' id='word_1_25' title='bbox 527 774 672 850; x_wconf 85' lang='lat' dir='ltr'>Ooenae</span> <span class='ocrx_word' id='word_1_26' title='bbox 691 774 850 850; x_wconf 85' lang='lat' dir='ltr'>carmine</span> <span class='ocrx_word' id='word_1_27' title='bbox 868 774 979 872; x_wconf 88' lang='lat' dir='ltr'>digna</span> <span class='ocrx_word' id='word_1_28' title='bbox 996 772 1088 848; x_wconf 85' lang='lat' dir='ltr'>dies:</span> 
     </span>
     <span class='ocr_line' id='line_1_6' title="bbox 157 889 958 984; baseline 0.001 -21"><span class='ocrx_word' id='word_1_29' title='bbox 157 889 276 964; x_wconf 74' lang='lat' dir='ltr'>Tertia</span> <span class='ocrx_word' id='word_1_30' title='bbox 293 889 476 965; x_wconf 73' lang='lat' dir='ltr'>demulcet</span> <span class='ocrx_word' id='word_1_31' title='bbox 492 901 595 965; x_wconf 89' lang='lat' dir='ltr'>tanta</span> <span class='ocrx_word' id='word_1_32' title='bbox 613 889 803 965; x_wconf 87' lang='lat' dir='ltr'>dulcedine</span> <span class='ocrx_word' id='word_1_33' title='bbox 822 915 958 984; x_wconf 88' lang='lat' dir='ltr'>sensus,</span> 
     </span>
     <span class='ocr_line' id='line_1_7' title="bbox 252 1003 1040 1104; baseline -0.003 -24"><span class='ocrx_word' id='word_1_34' title='bbox 252 1004 304 1082; x_wconf 90' lang='lat' dir='ltr'>Ut</span> <span class='ocrx_word' id='word_1_35' title='bbox 321 1015 478 1102; x_wconf 79' lang='lat' dir='ltr'>nequeat</span> <span class='ocrx_word' id='word_1_36' title='bbox 493 1004 653 1081; x_wconf 77' lang='lat' dir='ltr'>citharae</span> <span class='ocrx_word' id='word_1_37' title='bbox 671 1032 762 1081; x_wconf 89' lang='lat' dir='ltr'>voce</span> <span class='ocrx_word' id='word_1_38' title='bbox 780 1016 930 1104; x_wconf 89' lang='lat' dir='ltr'>potente</span> <span class='ocrx_word' id='word_1_39' title='bbox 948 1003 1040 1078; x_wconf 89' lang='lat' dir='ltr'>cani.</span> 
     </span>
     <span class='ocr_line' id='line_1_8' title="bbox 153 1119 1071 1220; baseline 0 -26"><span class='ocrx_word' id='word_1_40' title='bbox 153 1119 258 1196; x_wconf 84' lang='lat' dir='ltr'>Haec</span> <span class='ocrx_word' id='word_1_41' title='bbox 277 1131 332 1196; x_wconf 87' lang='lat' dir='ltr'>est</span> <span class='ocrx_word' id='word_1_42' title='bbox 348 1148 432 1196; x_wconf 88' lang='lat' dir='ltr'>cara</span> <span class='ocrx_word' id='word_1_43' title='bbox 450 1122 537 1216; x_wconf 88' lang='lat' dir='ltr'>dies,</span> <span class='ocrx_word' id='word_1_44' title='bbox 557 1147 628 1220; x_wconf 89' lang='lat' dir='ltr'>qua</span> <span class='ocrx_word' id='word_1_45' title='bbox 646 1147 770 1196; x_wconf 87' lang='lat' dir='ltr'>sacrae</span> <span class='ocrx_word' id='word_1_46' title='bbox 788 1147 853 1195; x_wconf 91' lang='lat' dir='ltr'>nos</span> <span class='ocrx_word' id='word_1_47' title='bbox 872 1119 971 1196; x_wconf 88' lang='lat' dir='ltr'>dedit</span> <span class='ocrx_word' id='word_1_48' title='bbox 989 1145 1071 1194; x_wconf 87' lang='lat' dir='ltr'>arae</span> 
     </span>
     <span class='ocr_line' id='line_1_9' title="bbox 252 1235 1048 1335; baseline -0.005 -23"><span class='ocrx_word' id='word_1_49' title='bbox 252 1237 388 1312; x_wconf 84' lang='lat' dir='ltr'>Omnes</span> <span class='ocrx_word' id='word_1_50' title='bbox 406 1237 566 1335; x_wconf 85' lang='lat' dir='ltr'>ejusdem</span> <span class='ocrx_word' id='word_1_51' title='bbox 586 1235 766 1312; x_wconf 90' lang='lat' dir='ltr'>Praesulis</span> <span class='ocrx_word' id='word_1_52' title='bbox 784 1248 893 1311; x_wconf 88' lang='lat' dir='ltr'>uncta</span> <span class='ocrx_word' id='word_1_53' title='bbox 910 1262 1048 1310; x_wconf 89' lang='lat' dir='ltr'>manus.</span> 
     </span>
     <span class='ocr_line' id='line_1_10' title="bbox 154 1351 939 1450; baseline 0.001 -25"><span class='ocrx_word' id='word_1_54' title='bbox 154 1351 321 1426; x_wconf 68' lang='lat' dir='ltr'>Mactata</span> <span class='ocrx_word' id='word_1_55' title='bbox 332 1354 415 1450; x_wconf 89' lang='lat' dir='ltr'>jure</span> <span class='ocrx_word' id='word_1_56' title='bbox 433 1352 509 1427; x_wconf 86' lang='lat' dir='ltr'>dies</span> <span class='ocrx_word' id='word_1_57' title='bbox 527 1353 630 1427; x_wconf 89' lang='lat' dir='ltr'>binas</span> <span class='ocrx_word' id='word_1_58' title='bbox 648 1353 783 1426; x_wconf 86' lang='lat' dir='ltr'>virtute</span> <span class='ocrx_word' id='word_1_59' title='bbox 802 1378 939 1426; x_wconf 91' lang='lat' dir='ltr'>sorores</span> 
     </span>
     <span class='ocr_line' id='line_1_11' title="bbox 251 1465 1044 1564; baseline -0.004 -21"><span class='ocrx_word' id='word_1_60' title='bbox 251 1467 386 1560; x_wconf 86' lang='lat' dir='ltr'>Vincit,</span> <span class='ocrx_word' id='word_1_61' title='bbox 408 1468 499 1543; x_wconf 91' lang='lat' dir='ltr'>etin</span> <span class='ocrx_word' id='word_1_62' title='bbox 517 1477 618 1542; x_wconf 89' lang='lat' dir='ltr'>casto</span> <span class='ocrx_word' id='word_1_63' title='bbox 636 1477 781 1564; x_wconf 89' lang='lat' dir='ltr'>pectore</span> <span class='ocrx_word' id='word_1_64' title='bbox 798 1465 915 1542; x_wconf 88' lang='lat' dir='ltr'>fervet</span> <span class='ocrx_word' id='word_1_65' title='bbox 934 1492 1044 1540; x_wconf 89' lang='lat' dir='ltr'>amor.</span> 
     </span>
     <span class='ocr_line' id='line_1_12' title="bbox 155 1580 1109 1679; baseline -0.001 -21"><span class='ocrx_word' id='word_1_66' title='bbox 155 1580 347 1658; x_wconf 87' lang='lat' dir='ltr'>Offerimus</span> <span class='ocrx_word' id='word_1_67' title='bbox 366 1582 465 1657; x_wconf 87' lang='lat' dir='ltr'>Patri</span> <span class='ocrx_word' id='word_1_68' title='bbox 483 1582 648 1656; x_wconf 89' lang='lat' dir='ltr'>manibus</span> <span class='ocrx_word' id='word_1_69' title='bbox 666 1581 933 1679; x_wconf 86' lang='lat' dir='ltr'>trepidantibus</span> <span class='ocrx_word' id='word_1_70' title='bbox 951 1583 1109 1678; x_wconf 83' lang='lat' dir='ltr'>Agnum‚</span> 
     </span>
     <span class='ocr_line' id='line_1_13' title="bbox 253 1696 961 1796; baseline -0.001 -24"><span class='ocrx_word' id='word_1_71' title='bbox 253 1696 400 1772; x_wconf 84' lang='lat' dir='ltr'>Solvere</span> <span class='ocrx_word' id='word_1_72' title='bbox 419 1698 560 1796; x_wconf 86' lang='lat' dir='ltr'>peccati</span> <span class='ocrx_word' id='word_1_73' title='bbox 579 1697 723 1772; x_wconf 89' lang='lat' dir='ltr'>vincula</span> <span class='ocrx_word' id='word_1_74' title='bbox 740 1696 829 1771; x_wconf 88' lang='lat' dir='ltr'>dura</span> <span class='ocrx_word' id='word_1_75' title='bbox 841 1697 961 1794; x_wconf 89' lang='lat' dir='ltr'>juvat.</span> 
     </span>
     <span class='ocr_line' id='line_1_14' title="bbox 153 1811 1036 1909; baseline 0 -23"><span class='ocrx_word' id='word_1_76' title='bbox 153 1811 338 1888; x_wconf 89' lang='lat' dir='ltr'>Laudibus</span> <span class='ocrx_word' id='word_1_77' title='bbox 356 1813 534 1888; x_wconf 85' lang='lat' dir='ltr'>extollant</span> <span class='ocrx_word' id='word_1_78' title='bbox 550 1839 676 1909; x_wconf 87' lang='lat' dir='ltr'>regum</span> <span class='ocrx_word' id='word_1_79' title='bbox 695 1811 901 1886; x_wconf 88' lang='lat' dir='ltr'>diademata</span> <span class='ocrx_word' id='word_1_80' title='bbox 917 1823 1036 1908; x_wconf 81' lang='lat' dir='ltr'>vates3</span> 
     </span>
     <span class='ocr_line' id='line_1_15' title="bbox 251 1926 1002 2022; baseline -0.004 -19"><span class='ocrx_word' id='word_1_81' title='bbox 251 1927 335 2003; x_wconf 83' lang='lat' dir='ltr'>Sole</span> <span class='ocrx_word' id='word_1_82' title='bbox 354 1929 578 2003; x_wconf 88' lang='lat' dir='ltr'>sacerdotum</span> <span class='ocrx_word' id='word_1_83' title='bbox 597 1926 753 2003; x_wconf 91' lang='lat' dir='ltr'>candida</span> <span class='ocrx_word' id='word_1_84' title='bbox 769 1928 855 2002; x_wconf 89' lang='lat' dir='ltr'>luna</span> <span class='ocrx_word' id='word_1_85' title='bbox 872 1927 1002 2022; x_wconf 87' lang='lat' dir='ltr'>minor;</span> 
     </span>
     <span class='ocr_line' id='line_1_16' title="bbox 155 2039 958 2142; baseline 0.001 -25"><span class='ocrx_word' id='word_1_86' title='bbox 155 2043 207 2117; x_wconf 87' lang='lat' dir='ltr'>Et</span> <span class='ocrx_word' id='word_1_87' title='bbox 223 2044 337 2142; x_wconf 88' lang='lat' dir='ltr'>partis</span> <span class='ocrx_word' id='word_1_88' title='bbox 356 2054 496 2119; x_wconf 88' lang='lat' dir='ltr'>tumeat</span> <span class='ocrx_word' id='word_1_89' title='bbox 513 2069 649 2118; x_wconf 84' lang='lat' dir='ltr'>vesana</span> <span class='ocrx_word' id='word_1_90' title='bbox 666 2043 819 2118; x_wconf 88' lang='lat' dir='ltr'>scientia</span> <span class='ocrx_word' id='word_1_91' title='bbox 836 2039 958 2118; x_wconf 90' lang='lat' dir='ltr'>lucris:</span> 
     </span>
     <span class='ocr_line' id='line_1_17' title="bbox 253 2157 1042 2257; baseline -0.001 -25"><span class='ocrx_word' id='word_1_92' title='bbox 253 2159 332 2234; x_wconf 90' lang='lat' dir='ltr'>Nos</span> <span class='ocrx_word' id='word_1_93' title='bbox 349 2170 466 2234; x_wconf 85' lang='lat' dir='ltr'>tutam</span> <span class='ocrx_word' id='word_1_94' title='bbox 484 2159 624 2257; x_wconf 87' lang='lat' dir='ltr'>patriae</span> <span class='ocrx_word' id='word_1_95' title='bbox 643 2158 835 2256; x_wconf 90' lang='lat' dir='ltr'>pandimus</span> <span class='ocrx_word' id='word_1_96' title='bbox 853 2184 913 2233; x_wconf 89' lang='lat' dir='ltr'>ore</span> <span class='ocrx_word' id='word_1_97' title='bbox 932 2157 1042 2254; x_wconf 79' lang='lat' dir='ltr'>viam3</span> 
     </span>
     <span class='ocr_line' id='line_1_18' title="bbox 155 2273 951 2373; baseline 0 -25"><span class='ocrx_word' id='word_1_98' title='bbox 155 2273 225 2367; x_wconf 84' lang='lat' dir='ltr'>Qui</span> <span class='ocrx_word' id='word_1_99' title='bbox 242 2275 397 2349; x_wconf 89' lang='lat' dir='ltr'>corradit</span> <span class='ocrx_word' id='word_1_100' title='bbox 415 2301 511 2373; x_wconf 89' lang='lat' dir='ltr'>opes,</span> <span class='ocrx_word' id='word_1_101' title='bbox 532 2274 629 2350; x_wconf 87' lang='lat' dir='ltr'>elata</span> <span class='ocrx_word' id='word_1_102' title='bbox 645 2273 762 2349; x_wconf 83' lang='lat' dir='ltr'>fronte</span> <span class='ocrx_word' id='word_1_103' title='bbox 780 2273 951 2372; x_wconf 86' lang='lat' dir='ltr'>superbit,</span> 
     </span>
    </p>

    <p class='ocr_par' dir='ltr' id='par_1_3' title="bbox 154 2389 1102 2718">
     <span class='ocr_line' id='line_1_19' title="bbox 250 2389 1102 2487; baseline 0 -23"><span class='ocrx_word' id='word_1_104' title='bbox 250 2389 328 2464; x_wconf 90' lang='lat' dir='ltr'>Nec</span> <span class='ocrx_word' id='word_1_105' title='bbox 348 2390 442 2487; x_wconf 91' lang='lat' dir='ltr'>stipe</span> <span class='ocrx_word' id='word_1_106' title='bbox 459 2391 661 2466; x_wconf 91' lang='lat' dir='ltr'>mendicum</span> <span class='ocrx_word' id='word_1_107' title='bbox 680 2391 816 2466; x_wconf 88' lang='lat' dir='ltr'>mulcet</span> <span class='ocrx_word' id='word_1_108' title='bbox 833 2416 944 2464; x_wconf 87' lang='lat' dir='ltr'>avara</span> <span class='ocrx_word' id='word_1_109' title='bbox 961 2415 1102 2465; x_wconf 88' lang='lat' dir='ltr'>manus:</span> 
     </span>
     <span class='ocr_line' id='line_1_20' title="bbox 154 2505 1091 2603; baseline -0.004 -21"><span class='ocrx_word' id='word_1_110' title='bbox 154 2507 269 2582; x_wconf 91' lang='lat' dir='ltr'>Nobis</span> <span class='ocrx_word' id='word_1_111' title='bbox 287 2532 400 2603; x_wconf 89' lang='lat' dir='ltr'>parva</span> <span class='ocrx_word' id='word_1_112' title='bbox 416 2533 540 2602; x_wconf 75' lang='lat' dir='ltr'>penus</span> <span class='ocrx_word' id='word_1_113' title='bbox 561 2506 623 2579; x_wconf 91' lang='lat' dir='ltr'>sed</span> <span class='ocrx_word' id='word_1_114' title='bbox 641 2516 766 2602; x_wconf 88' lang='lat' dir='ltr'>raptus</span> <span class='ocrx_word' id='word_1_115' title='bbox 784 2531 904 2579; x_wconf 87' lang='lat' dir='ltr'>amore</span> <span class='ocrx_word' id='word_1_116' title='bbox 924 2505 1091 2578; x_wconf 86' lang='lat' dir='ltr'>sacerdos</span> 
     </span>
     <span class='ocr_line' id='line_1_21' title="bbox 251 2620 998 2718; baseline -0.003 -22"><span class='ocrx_word' id='word_1_117' title='bbox 251 2622 370 2696; x_wconf 88' lang='lat' dir='ltr'>Multa</span> <span class='ocrx_word' id='word_1_118' title='bbox 387 2622 460 2696; x_wconf 89' lang='lat' dir='ltr'>suis</span> <span class='ocrx_word' id='word_1_119' title='bbox 477 2620 604 2696; x_wconf 83' lang='lat' dir='ltr'>tribuit</span> <span class='ocrx_word' id='word_1_120' title='bbox 621 2647 693 2695; x_wconf 89' lang='lat' dir='ltr'>non</span> <span class='ocrx_word' id='word_1_121' title='bbox 711 2621 873 2718; x_wconf 90' lang='lat' dir='ltr'>peritura</span> <span class='ocrx_word' id='word_1_122' title='bbox 890 2620 998 2716; x_wconf 90' lang='lat' dir='ltr'>bona;</span> 
     </span>
    </p>

    <p class='ocr_par' dir='ltr' id='par_1_4' title="bbox 152 2735 1167 2951">
     <span class='ocr_line' id='line_1_22' title="bbox 152 2735 1167 2834; baseline 0.003 -23"><span class='ocrx_word' id='word_1_123' title='bbox 152 2736 189 2811; x_wconf 88' lang='lat' dir='ltr'>N</span> <span class='ocrx_word' id='word_1_124' title='bbox 192 2763 249 2811; x_wconf 87' lang='lat' dir='ltr'>am</span> <span class='ocrx_word' id='word_1_125' title='bbox 267 2737 426 2812; x_wconf 85' lang='lat' dir='ltr'>custodit</span> <span class='ocrx_word' id='word_1_126' title='bbox 445 2763 539 2829; x_wconf 88' lang='lat' dir='ltr'>oves,</span> <span class='ocrx_word' id='word_1_127' title='bbox 559 2763 624 2811; x_wconf 89' lang='lat' dir='ltr'>nec</span> <span class='ocrx_word' id='word_1_128' title='bbox 641 2736 791 2834; x_wconf 83' lang='lat' dir='ltr'>pinguia</span> <span class='ocrx_word' id='word_1_129' title='bbox 807 2735 971 2833; x_wconf 80' lang='lat' dir='ltr'>gramina</span> <span class='ocrx_word' id='word_1_130' title='bbox 989 2735 1127 2828; x_wconf 88' lang='lat' dir='ltr'>desunt,</span> <span class='ocrx_word' id='word_1_131' title='bbox 1162 2805 1167 2814; x_wconf 94' lang='lat'>.</span> 
     </span>
     <span class='ocr_line' id='line_1_23' title="bbox 250 2852 1018 2951; baseline 0.001 -26"><span class='ocrx_word' id='word_1_132' title='bbox 250 2853 481 2951; x_wconf 87' lang='lat' dir='ltr'>Depellitque</span> <span class='ocrx_word' id='word_1_133' title='bbox 499 2853 596 2927; x_wconf 87' lang='lat' dir='ltr'>sitim</span> <span class='ocrx_word' id='word_1_134' title='bbox 615 2853 694 2926; x_wconf 86' lang='lat' dir='ltr'>lons</span> <span class='ocrx_word' id='word_1_135' title='bbox 713 2852 875 2927; x_wconf 88' lang='lat' dir='ltr'>salientis</span> <span class='ocrx_word' id='word_1_136' title='bbox 893 2878 1018 2949; x_wconf 89' lang='lat' dir='ltr'>aquae.</span> 
     </span>
    </p>

    <p class='ocr_par' dir='ltr' id='par_1_5' title="bbox 153 2967 1074 3175">
     <span class='ocr_line' id='line_1_24' title="bbox 153 2967 1074 3058; baseline 0 -17"><span class='ocrx_word' id='word_1_137' title='bbox 153 2967 234 3058; x_wconf 87' lang='lat' dir='ltr'>Quo</span> <span class='ocrx_word' id='word_1_138' title='bbox 252 2967 339 3042; x_wconf 89' lang='lat' dir='ltr'>laeti</span> <span class='ocrx_word' id='word_1_139' title='bbox 356 2969 525 3042; x_wconf 85' lang='lat' dir='ltr'>ferimur?</span> <span class='ocrx_word' id='word_1_140' title='bbox 542 2968 741 3042; x_wconf 86' lang='lat' dir='ltr'>Tantarum</span> <span class='ocrx_word' id='word_1_141' title='bbox 759 2995 909 3043; x_wconf 88' lang='lat' dir='ltr'>munera</span> <span class='ocrx_word' id='word_1_142' title='bbox 926 2967 1074 3042; x_wconf 93' lang='lat' dir='ltr'>laudum</span> 
     </span>
     <span class='ocr_line' id='line_1_25' title="bbox 249 3083 1030 3175; baseline -0.001 -18"><span class='ocrx_word' id='word_1_143' title='bbox 249 3083 428 3157; x_wconf 87' lang='lat' dir='ltr'>Novimus</span> <span class='ocrx_word' id='word_1_144' title='bbox 446 3111 533 3158; x_wconf 86' lang='lat' dir='ltr'>ecce</span> <span class='ocrx_word' id='word_1_145' title='bbox 551 3111 674 3158; x_wconf 89' lang='lat' dir='ltr'>omnes</span> <span class='ocrx_word' id='word_1_146' title='bbox 692 3109 771 3157; x_wconf 89' lang='lat' dir='ltr'>esse</span> <span class='ocrx_word' id='word_1_147' title='bbox 789 3083 925 3157; x_wconf 88' lang='lat' dir='ltr'>tributa</span> <span class='ocrx_word' id='word_1_148' title='bbox 943 3083 1030 3175; x_wconf 88' lang='lat' dir='ltr'>Deo,</span> 
     </span>
    </p>

    <p class='ocr_par' dir='ltr' id='par_1_6' title="bbox 153 3198 1131 3412">
     <span class='ocr_line' id='line_1_26' title="bbox 153 3198 1071 3296; baseline 0.001 -25"><span class='ocrx_word' id='word_1_149' title='bbox 153 3198 233 3291; x_wconf 83' lang='lat' dir='ltr'>Quo</span> <span class='ocrx_word' id='word_1_150' title='bbox 252 3199 364 3273; x_wconf 87' lang='lat' dir='ltr'>servis</span> <span class='ocrx_word' id='word_1_151' title='bbox 384 3209 527 3275; x_wconf 89' lang='lat' dir='ltr'>auctore</span> <span class='ocrx_word' id='word_1_152' title='bbox 546 3199 652 3276; x_wconf 87' lang='lat' dir='ltr'>datur</span> <span class='ocrx_word' id='word_1_153' title='bbox 670 3199 877 3274; x_wconf 87' lang='lat' dir='ltr'>veneranda</span> <span class='ocrx_word' id='word_1_154' title='bbox 894 3210 1071 3296; x_wconf 88' lang='lat' dir='ltr'>potestas:</span> 
     </span>
     <span class='ocr_line' id='line_1_27' title="bbox 250 3313 1131 3412; baseline 0.002 -26"><span class='ocrx_word' id='word_1_155' title='bbox 250 3313 432 3412; x_wconf 83' lang='lat' dir='ltr'>Quidquid</span> <span class='ocrx_word' id='word_1_156' title='bbox 450 3315 559 3389; x_wconf 88' lang='lat' dir='ltr'>habet</span> <span class='ocrx_word' id='word_1_157' title='bbox 577 3341 712 3406; x_wconf 81' lang='lat' dir='ltr'>servus,</span> <span class='ocrx_word' id='word_1_158' title='bbox 731 3313 880 3388; x_wconf 88' lang='lat' dir='ltr'>tradidit</span> <span class='ocrx_word' id='word_1_159' title='bbox 897 3340 989 3389; x_wconf 92' lang='lat' dir='ltr'>unus</span> <span class='ocrx_word' id='word_1_160' title='bbox 1006 3313 1131 3388; x_wconf 83' lang='lat' dir='ltr'>herus!</span> 
     </span>
    </p>

    <p class='ocr_par' dir='ltr' id='par_1_7' title="bbox 154 3427 1049 3642">
     <span class='ocr_line' id='line_1_28' title="bbox 154 3427 1048 3527; baseline 0.001 -23"><span class='ocrx_word' id='word_1_161' title='bbox 154 3427 263 3504; x_wconf 83' lang='lat' dir='ltr'>Salve</span> <span class='ocrx_word' id='word_1_162' title='bbox 281 3430 392 3526; x_wconf 84' lang='lat' dir='ltr'>igitur</span> <span class='ocrx_word' id='word_1_163' title='bbox 409 3430 532 3527; x_wconf 85' lang='lat' dir='ltr'>regina</span> <span class='ocrx_word' id='word_1_164' title='bbox 550 3429 636 3526; x_wconf 68' lang='lat' dir='ltr'>dies</span> <span class='ocrx_word' id='word_1_165' title='bbox 656 3441 692 3505; x_wconf 89' lang='lat' dir='ltr'>te</span> <span class='ocrx_word' id='word_1_166' title='bbox 711 3431 869 3527; x_wconf 87' lang='lat' dir='ltr'>quinque</span> <span class='ocrx_word' id='word_1_167' title='bbox 889 3431 1048 3505; x_wconf 87' lang='lat' dir='ltr'>salutant</span> 
     </span>
     <span class='ocr_line' id='line_1_29' title="bbox 249 3544 1049 3642; baseline 0.003 -25"><span class='ocrx_word' id='word_1_168' title='bbox 249 3544 416 3619; x_wconf 86' lang='lat' dir='ltr'>Lustra...</span> <span class='ocrx_word' id='word_1_169' title='bbox 434 3546 526 3619; x_wconf 90' lang='lat' dir='ltr'>bono</span> <span class='ocrx_word' id='word_1_170' title='bbox 545 3544 644 3618; x_wconf 86' lang='lat' dir='ltr'>Patri</span> <span class='ocrx_word' id='word_1_171' title='bbox 662 3545 810 3618; x_wconf 88' lang='lat' dir='ltr'>reddere</span> <span class='ocrx_word' id='word_1_172' title='bbox 829 3555 915 3618; x_wconf 89' lang='lat' dir='ltr'>vota</span> <span class='ocrx_word' id='word_1_173' title='bbox 927 3545 1049 3642; x_wconf 83' lang='lat' dir='ltr'>juvat!</span> 
     </span>
    </p>

    <p class='ocr_par' dir='ltr' id='par_1_8' title="bbox 152 3660 1073 3873">
     <span class='ocr_line' id='line_1_30' title="bbox 152 3660 1047 3753; baseline 0.001 -20"><span class='ocrx_word' id='word_1_174' title='bbox 152 3660 276 3734; x_wconf 88' lang='lat' dir='ltr'>Aurea</span> <span class='ocrx_word' id='word_1_175' title='bbox 294 3660 478 3735; x_wconf 88' lang='lat' dir='ltr'>Pontifiois</span> <span class='ocrx_word' id='word_1_176' title='bbox 497 3661 735 3735; x_wconf 88' lang='lat' dir='ltr'>circumdedit</span> <span class='ocrx_word' id='word_1_177' title='bbox 753 3660 866 3738; x_wconf 85' lang='lat' dir='ltr'>infula</span> <span class='ocrx_word' id='word_1_178' title='bbox 884 3660 1047 3753; x_wconf 76' lang='lat' dir='ltr'>frontem,</span> 
     </span>
     <span class='ocr_line' id='line_1_31' title="bbox 250 3775 1073 3873; baseline 0 -24"><span class='ocrx_word' id='word_1_179' title='bbox 250 3775 376 3849; x_wconf 81' lang='lat' dir='ltr'>Voluit</span> <span class='ocrx_word' id='word_1_180' title='bbox 394 3775 455 3848; x_wconf 92' lang='lat' dir='ltr'>ubi</span> <span class='ocrx_word' id='word_1_181' title='bbox 475 3775 633 3872; x_wconf 90' lang='lat' dir='ltr'>placidas</span> <span class='ocrx_word' id='word_1_182' title='bbox 654 3775 799 3852; x_wconf 82' lang='lat' dir='ltr'>Sentius</span> <span class='ocrx_word' id='word_1_183' title='bbox 819 3777 934 3850; x_wconf 89' lang='lat' dir='ltr'>amnis</span> <span class='ocrx_word' id='word_1_184' title='bbox 953 3803 1073 3873; x_wconf 88' lang='lat' dir='ltr'>aquas,</span> 
     </span>
    </p>

    <p class='ocr_par' dir='ltr' id='par_1_9' title="bbox 151 3889 1039 4104">
     <span class='ocr_line' id='line_1_32' title="bbox 151 3889 1039 3988; baseline 0.001 -25"><span class='ocrx_word' id='word_1_185' title='bbox 151 3889 370 3987; x_wconf 86' lang='lat' dir='ltr'>Adriacique</span> <span class='ocrx_word' id='word_1_186' title='bbox 388 3892 497 3965; x_wconf 90' lang='lat' dir='ltr'>maris</span> <span class='ocrx_word' id='word_1_187' title='bbox 515 3891 661 3988; x_wconf 86' lang='lat' dir='ltr'>patulas</span> <span class='ocrx_word' id='word_1_188' title='bbox 678 3901 867 3965; x_wconf 87' lang='lat' dir='ltr'>revocatus</span> <span class='ocrx_word' id='word_1_189' title='bbox 886 3892 930 3965; x_wconf 88' lang='lat' dir='ltr'>ad</span> <span class='ocrx_word' id='word_1_190' title='bbox 949 3917 1039 3985; x_wconf 77' lang='lat' dir='ltr'>oraS,</span> 
     </span>
     <span class='ocr_line' id='line_1_33' title="bbox 248 4006 1018 4104; baseline 0.003 -25"><span class='ocrx_word' id='word_1_191' title='bbox 248 4006 360 4079; x_wconf 87' lang='lat' dir='ltr'>Tollit</span> <span class='ocrx_word' id='word_1_192' title='bbox 377 4006 437 4080; x_wconf 91' lang='lat' dir='ltr'>ubi</span> <span class='ocrx_word' id='word_1_193' title='bbox 456 4006 571 4080; x_wconf 89' lang='lat' dir='ltr'>celsas</span> <span class='ocrx_word' id='word_1_194' title='bbox 591 4006 676 4080; x_wconf 88' lang='lat' dir='ltr'>urbs</span> <span class='ocrx_word' id='word_1_195' title='bbox 694 4006 865 4104; x_wconf 87' lang='lat' dir='ltr'>opulenta</span> <span class='ocrx_word' id='word_1_196' title='bbox 884 4006 1018 4098; x_wconf 73' lang='lat' dir='ltr'>domos</span> 
     </span>
    </p>

    <p class='ocr_par' dir='ltr' id='par_1_10' title="bbox 150 4120 1055 4334">
     <span class='ocr_line' id='line_1_34' title="bbox 150 4120 1004 4218; baseline 0.005 -25"><span class='ocrx_word' id='word_1_197' title='bbox 150 4120 218 4196; x_wconf 90' lang='lat' dir='ltr'>Ille</span> <span class='ocrx_word' id='word_1_198' title='bbox 237 4122 446 4196; x_wconf 86' lang='lat' dir='ltr'>sacerdotes</span> <span class='ocrx_word' id='word_1_199' title='bbox 465 4122 590 4218; x_wconf 92' lang='lat' dir='ltr'>quinto</span> <span class='ocrx_word' id='word_1_200' title='bbox 607 4149 691 4196; x_wconf 85' lang='lat' dir='ltr'>mox</span> <span class='ocrx_word' id='word_1_201' title='bbox 709 4149 832 4197; x_wconf 87' lang='lat' dir='ltr'>mense</span> <span class='ocrx_word' id='word_1_202' title='bbox 850 4124 1004 4197; x_wconf 85' lang='lat' dir='ltr'>cadente</span> 
     </span>
     <span class='ocr_line' id='line_1_35' title="bbox 249 4234 1055 4334; baseline 0.006 -27"><span class='ocrx_word' id='word_1_203' title='bbox 249 4234 326 4308; x_wconf 89' lang='lat' dir='ltr'>Nos</span> <span class='ocrx_word' id='word_1_204' title='bbox 344 4235 448 4308; x_wconf 88' lang='lat' dir='ltr'>unxit</span> <span class='ocrx_word' id='word_1_205' title='bbox 458 4236 620 4334; x_wconf 72' lang='lat' dir='ltr'>pransos!</span> <span class='ocrx_word' id='word_1_206' title='bbox 635 4237 911 4312; x_wconf 86' lang='lat' dir='ltr'>Bartholomaee</span> <span class='ocrx_word' id='word_1_207' title='bbox 931 4238 1055 4312; x_wconf 79' lang='lat' dir='ltr'>Pater!</span> 
     </span>
    </p>
   </div>
   <div class='ocr_carea' id='block_1_3' title="bbox 0 0 1486 4742">
    <p class='ocr_par' dir='ltr' id='par_1_11' title="bbox 0 0 1486 4742">
     <span class='ocr_line' id='line_1_36' title="bbox 0 0 1486 4742; baseline 0 1"><span class='ocrx_word' id='word_1_208' title='bbox 0 0 1486 4742; x_wconf 95' lang='lat' dir='ltr'> </span> 
     </span>
    </p>
   </div>
  </div>
 </body>
</html>
