3030 4734
621 241 740 296 crena
769 241 936 312 Qumrus

355 430 491 523 Laudo,
512 429 572 528 qui
590 428 691 526 vigili
709 429 844 503 lumine
862 430 1008 504 sedulus

354 545 559 644 Investigat
576 545 645 620 iter
661 545 780 619 nobile
798 545 963 638 siderum,

354 661 405 736 Et
422 661 483 760 qui
502 661 674 736 continuo
691 661 848 735 numinis
867 672 904 736 et
922 687 1023 735 suam

451 777 503 851 Et
519 803 638 851 rerum
656 777 824 850 aestimat
841 776 1009 850 indolem.

355 1011 406 1083 At
424 1010 504 1107 quis
521 1009 725 1107 magnificis
744 1010 910 1085 laudibus
928 1008 1060 1084 evehat

355 1124 480 1200 Effuso
497 1125 699 1223 impavidos
718 1126 892 1222 sanguine
909 1128 1107 1222 martyres?

358 1239 478 1338 Salve,
498 1251 626 1316 sancta
643 1241 781 1335 cohors,
803 1268 894 1339 quae
911 1240 978 1316 tibi
996 1241 1129 1316 milites

454 1355 605 1454 Semper
620 1358 806 1433 consocias
824 1358 953 1433 novos!
1146 1367 1149 1377 ยน

356 1591 409 1666 Te
428 1591 570 1665 sincera
587 1590 697 1665 Fides
715 1590 861 1682 excitat,
883 1601 919 1664 et
938 1599 1060 1664 movet

358 1706 451 1804 Spes
463 1707 638 1805 jucunda,
656 1705 769 1781 trahit
786 1705 925 1780 fervida
943 1704 1086 1779 caritas

357 1821 484 1898 Tantis
502 1822 691 1920 praesidiis
709 1821 902 1896 incolumis
919 1820 995 1896 fera

456 1937 539 2013 Orci
556 1937 693 2036 proelia
710 1938 876 2036 despicis.
902 1998 904 2003 .

358 2167 530 2263 Infantes
545 2171 712 2269 juvenes,
731 2172 876 2268 agmina
893 2171 1087 2268 virginum,

358 2285 558 2381 Matronae,
578 2286 718 2382 viduae,
739 2287 959 2385 magnanimi
977 2286 1055 2380 viri,

359 2402 663 2500 Languentesque
682 2430 820 2478 senes...
839 2429 911 2478 non
929 2404 1005 2478 sine
1023 2403 1182 2478 lacrimis

456 2515 534 2592 Vos
551 2517 707 2593 admiror
725 2519 903 2608 euntibus,

361 2748 458 2840 Quot
475 2749 619 2826 frondes
635 2752 781 2844 nemori,
802 2779 985 2850 granaque
1003 2750 1189 2842 messibus,

360 2865 501 2941 Baccae
520 2866 740 2964 palmitibus,
761 2867 954 2964 frigoribus
971 2867 1088 2942 nives:

360 2982 432 3056 Tot
448 2993 601 3057 nectunt
617 2981 776 3058 celebres
795 2994 891 3058 serta
908 2983 1062 3058 virentia

458 3097 605 3173 Circum
623 3109 787 3196 tempora
803 3099 948 3174 milites.

361 3332 500 3429 Tigres,
520 3331 605 3426 tela,
625 3332 714 3430 rogi,
733 3332 892 3428 flumina,
912 3331 1070 3424 verbera,

361 3447 565 3539 Mucrones,
585 3447 715 3544 laquei,
736 3473 832 3540 saxa,
852 3446 976 3541 fames
995 3474 1155 3523 cruces...

362 3562 466 3638 Haec
486 3590 551 3638 vos
569 3590 670 3638 arma
686 3573 825 3661 petunt,
846 3590 935 3660 quos
947 3564 1056 3662 juvat
1074 3563 1185 3638 emori

460 3678 560 3754 Inter
577 3679 699 3754 dulcia
715 3679 886 3754 carmina.

362 3912 471 3987 Nunc
491 3939 556 3987 vos
573 3912 758 4010 perpetuis
776 3914 861 3988 urbs
878 3912 1107 3990 Hierusalem

363 4027 567 4103 Fortunata
584 4027 685 4124 capit
703 4027 857 4121 sedibus,
878 4038 915 4101 et
933 4027 1033 4125 quies

364 4143 544 4219 Incumbit
559 4143 699 4241 pelago,
720 4143 821 4219 dives
840 4169 949 4242 opum
966 4144 1053 4220 ratis

462 4259 593 4334 Portus
612 4259 686 4334 otia
702 4258 832 4356 diligit.
