3030 4734
670 224 884 280 CARMINUM

352 411 410 484 En
428 422 513 486 sunt
531 411 625 486 dona
642 409 721 504 Dei,
742 411 852 486 redde
870 409 994 485 oculos
1012 411 1101 503 Dec,

352 525 513 624 Inquam,
533 526 644 601 redde
662 525 797 618 lubens,
818 552 898 601 ecce
917 525 1018 600 dolor
1034 538 1152 618 nocet,

351 641 389 715 N
391 669 432 716 ec
451 641 567 716 lucem
585 653 744 738 revocat3
764 642 866 716 lucra
883 668 989 739 paras
1006 641 1083 737 tibi,

451 756 490 832 si
509 757 637 831 durum
656 757 787 833 subeas
799 759 941 855 jugum.

353 988 525 1064 Redduut
543 1016 633 1065 sana
650 991 729 1065 Dec
747 1015 898 1089 corpora
916 991 1105 1087 Martyres,

354 1104 451 1178 Dum
468 1104 633 1179 flammae
652 1105 823 1198 cruciant,
837 1117 882 1202 et
900 1106 1011 1203 gladii
1029 1105 1188 1180 furunt...

353 1220 387 1294 Α
405 1229 442 1294 te
459 1228 572 1294 tortor
589 1220 702 1315 abest,
724 1232 760 1295 et
777 1221 962 1296 minimam
981 1221 1080 1296 Deus

450 1335 595 1411 Partem
614 1336 775 1433 corporis
793 1336 953 1411 abstulit.

211 1591 216 1604 ·
354 1570 587 1668 Languentes
605 1570 729 1646 oculos
747 1572 954 1647 immoriens
973 1573 1072 1648 cruci

355 1684 520 1761 Occlusit
537 1686 725 1781 Dominus
745 1698 890 1785 tergora
907 1687 1073 1781 fustibus,

354 1801 536 1895 Frontem,
554 1802 641 1877 bina
658 1803 757 1877 dedit
773 1814 947 1901 tempora,
968 1804 1138 1878 verticem

450 1917 555 1992 Eheu
574 1919 734 1994 sentibus
752 1919 917 1994 horridis.

356 2150 394 2226 Si
412 2151 525 2242 uelles
542 2152 691 2226 memori
708 2151 814 2228 corde
831 2152 1018 2226 revolvere

354 2269 453 2366 Agni
470 2269 664 2344 terrificum
683 2268 910 2366 supplicium,
931 2267 1078 2360 Valens,

353 2385 516 2459 Frater...
534 2410 651 2460 nonne
669 2385 760 2459 rosis
777 2383 946 2458 mollibus
963 2383 1133 2460 incubas?

451 2499 504 2575 Te
522 2499 684 2574 mulcent
702 2499 861 2597 Zephyri
879 2499 1003 2574 leves?

356 2731 449 2808 Sunt
465 2732 575 2830 panni
593 2732 713 2826 laceri,
734 2733 950 2808 stramineae
968 2759 1073 2808 casae

353 2848 480 2923 Multis
497 2847 728 2946 pauperibus,
748 2838 825 2923 dira
842 2847 955 2922 fames
974 2849 1033 2923 diu

354 2963 493 3040 Fauces
511 2963 688 3061 exagitat:
707 2964 851 3056 vellera,
872 2963 1007 3038 fercula

450 3079 501 3154 Et
518 3079 706 3155 conclavia
723 3091 807 3154 sunt
824 3079 901 3153 tibi.

356 3311 488 3405 Unum,
509 3312 767 3409 quemgenuit,
788 3311 989 3387 Thariades
1007 3323 1112 3410 pater

354 3426 439 3502 Aris
456 3425 638 3525 imposuit,
659 3439 805 3525 pectore
824 3427 947 3502 saucio

355 3542 553 3640 Extemplo
570 3542 731 3640 gladium
750 3543 909 3617 strinxit:
930 3553 966 3616 et
983 3570 1067 3618 ecoe
1085 3554 1124 3616 tu

452 3659 537 3734 Heu
555 3658 689 3732 donum
706 3658 839 3732 retines
857 3658 948 3733 leve.

354 3891 421 3984 En,
442 3891 527 3966 dum
544 3915 656 3967 rauca
674 3901 801 3966 sonant
819 3891 981 3982 classica,
1001 3889 1133 3963 milites

249 4087 252 4094 .
355 4007 582 4083 Concurrunt
598 4007 752 4106 pugiles,
772 4016 886 4081 strata
903 4005 1090 4098 cadavera,

277 4109 280 4116 ¹
353 4123 598 4220 Truncatique
616 4123 728 4220 pedes
745 4133 782 4196 et
799 4121 948 4195 mutilae
965 4144 1093 4192 manus

452 4237 609 4313 Virtutis
628 4237 813 4312 celebrant
830 4235 951 4309 decus.
