2968 4732
211 217 262 274 180

686 225 900 280 CARMINUM

289 411 412 486 Turba
428 422 564 504 coacta,
585 411 761 509 frequens,
783 410 918 485 elatum
936 411 1083 508 garrula
1099 412 1207 486 turba

386 528 543 626 Excipit,
564 538 601 603 et
617 555 718 604 raros
735 528 862 602 funera
879 539 1019 602 moesta
1036 540 1194 602 movent.

288 645 312 718 J
316 671 373 718 am
391 655 428 718 te
447 645 543 718 fossa
561 645 662 741 capit
678 644 849 718 miserum
867 643 1058 738 tenebrosa
1076 644 1268 741 profunda,

385 759 590 835 Discedunt
609 785 742 852 ornnes,
762 785 829 833 nec
848 759 1043 834 meminbre
1061 760 1126 833 tui.

289 875 395 951 Solus
413 877 500 970 ines,
516 876 669 974 jamjam
688 901 829 950 vermes
849 876 1029 950 sociantur
1046 874 1168 972 iniqui,

385 992 598 1089 Depascunt
615 1018 751 1084 carneo,
772 1017 853 1066 ossa
870 991 1030 1088 cinisque
1047 1001 1204 1066 manent.

288 1109 470 1184 Marmora
484 1120 521 1183 te
539 1119 749 1199 memorant,
768 1107 844 1181 ficti
862 1118 1095 1182 monumenta
1111 1107 1255 1200 doloris

384 1225 544 1299 Artificis
562 1224 651 1298 dicit
668 1223 774 1297 litera
791 1223 935 1318 sculpta
952 1249 1073 1296 mann.

287 1340 432 1414 Transit
449 1340 499 1414 ibi
516 1366 617 1413 rarus
635 1366 700 1436 per
717 1338 835 1412 tristia
852 1350 957 1436 septa
975 1339 1100 1431 viator,

384 1456 435 1531 Et
452 1456 576 1531 laudes
593 1454 751 1529 tumidas
769 1453 905 1528 lumina
922 1481 1003 1528 rara
1020 1454 1154 1551 legunt,

286 1571 409 1646 Litera
427 1571 567 1646 deletur
584 1569 731 1668 glaciali
749 1569 881 1666 frigore
899 1570 1057 1664 brumae,

385 1687 564 1762 Imbribus
582 1713 624 1761 ao
643 1685 796 1779 nivibus,
816 1687 852 1758 ni
870 1697 1072 1780 renovetur,
1093 1687 1233 1762 abest...

288 1804 388 1879 Gens
406 1804 517 1879 oblita
534 1803 602 1892 tui!
623 1803 768 1876 Transit
785 1829 850 1900 per
868 1812 972 1899 septa
989 1802 1115 1896 viator,

385 1920 475 2013 Nec,
496 1919 575 2016 quis
592 1917 640 1992 ibi
653 1919 784 2014 jaceat,
804 1943 985 1992 marmora
1001 1929 1103 1992 muta
1119 1918 1269 2012 docent,

288 2034 395 2111 Solus
412 2035 461 2108 ibi
480 2035 556 2109 sine
574 2044 668 2108 teste
680 2061 695 2130 J
703 2059 796 2129 aceo,
816 2032 984 2130 solusque
997 2033 1156 2130 jacebis!
1193 2059 1196 2066 ·

330 2203 334 2211 ,
384 2153 462 2226 Nec
478 2175 588 2244 mora,
608 2148 782 2224 tollentur
799 2174 1011 2224 marmora...
1030 2176 1134 2224 nemo
1152 2161 1217 2224 tua

286 2266 456 2365 Amplius
473 2265 633 2340 inveniet
650 2264 822 2360 vestigia!
842 2265 936 2338 Fata
953 2276 1143 2358 memento,

385 2381 515 2458 Omnia
533 2380 723 2454 destitues!
744 2378 870 2453 Pulvis
889 2391 925 2454 et
943 2380 1070 2455 umbra
1088 2383 1249 2457 sumuslt

673 2741 774 2818 ODE
802 2739 904 2815 XVI.

718 2946 860 3021 MORS.

523 3151 581 3203 Per
595 3157 731 3218 peccatum
749 3167 827 3203 mora.
848 3149 940 3218 (Rom.
957 3151 982 3217 5,
997 3149 1052 3218 12),

349 3337 353 3344 '
391 3331 529 3404 Auctor
547 3338 602 3403 est
612 3329 716 3411 ,vitae
735 3328 845 3423 Deus,
864 3327 946 3400 hinc
964 3353 1122 3401 amaram

391 3446 474 3520 Non
493 3446 592 3520 dedit
609 3446 778 3519 mortem!
799 3444 982 3519 Potuisset
999 3443 1119 3518 Adam

389 3562 473 3635 Non
490 3560 590 3653 mori,
610 3561 741 3657 conjux
759 3560 937 3658 potuisset
954 3559 1049 3657 Eva,
1068 3603 1117 3614 —-

777 3676 918 3771 Anguis
936 3677 1074 3751 Averni

389 3905 518 3982 Intulit
534 3908 703 3982 mortem!
723 3907 835 3982 Miser
852 3906 922 3982 heu
941 3907 1056 3982 beatis

389 4021 544 4117 Invidet,
563 4023 721 4097 fructum
739 4023 893 4098 vetitum
910 4023 1071 4120 maligna

389 4135 532 4210 Fraude
551 4137 788 4230 commendat,
809 4137 1002 4212 comedunt
1019 4151 1188 4234 parentes

778 4251 890 4324 Poma
908 4252 1063 4346 superbi.
