2972 4738
577 251 697 306 LIBER
725 251 870 307 SEXTUS

137 442 346 536 Laetantur,
363 439 529 515 flammas
546 438 719 516 adamant
736 438 963 515 vehementis
980 439 1121 514 amoris.
1205 480 1208 486 ·

234 557 304 656 (Ο.)
324 555 367 630 In
386 555 530 631 eoelum
546 565 674 652 raptus
692 555 785 630 vidit
802 555 978 652 mysteria
997 555 1143 651 Paulus,

137 672 236 765 Quae
253 682 400 746 nostrae
419 670 565 768 linguae
582 681 769 769 nequeunt
787 670 992 746 describere
1010 671 1135 768 verba,

136 788 203 864 Est
221 788 345 863 divina
362 813 492 862 manus
510 786 687 862 mercedis
704 786 860 884 prodiga
878 788 1057 862 summae!
1083 855 1088 866 .

135 904 191 979 Da
209 902 299 978 mihi
317 913 533 978 cunctorum
552 901 768 977 sublimibus
788 901 863 977 alta
881 902 1060 978 columnis

135 1019 317 1094 Marmore
333 1017 434 1116 picta
451 1017 555 1115 gravi
572 1017 732 1116 pretiosa
749 1017 887 1117 palatia
903 1043 1041 1115 regum,

135 1135 193 1210 Da
209 1159 372 1232 gemmas
391 1117 532 1226 omues,¹
546 1133 687 1230 argenti
705 1133 847 1231 pondus
864 1142 902 1208 et
919 1133 1007 1225 auri,

136 1249 342 1325 Thesauros
360 1275 493 1343 omnes
515 1276 604 1347 quos
621 1259 720 1325 totus
736 1250 898 1325 continet
914 1249 1026 1325 orbis:

136 1364 199 1440 Nil
216 1365 369 1441 habeo...
389 1364 451 1440 sed
471 1392 578 1440 verus
596 1392 705 1458 amor,
726 1366 905 1463 sapientia
922 1393 1045 1441 vera...

136 1481 218 1556 Hac
236 1481 404 1556 mercede
421 1480 491 1555 frui
510 1509 687 1580 semper...
706 1481 815 1574 Deus,
837 1509 857 1555 o
875 1483 985 1576 Deus,
1006 1481 1100 1557 unde

137 1596 244 1672 Unde
261 1596 350 1670 mihi
368 1597 522 1673 miserae
539 1608 723 1673 tantarum
741 1597 849 1694 copia
866 1602 1009 1672 rerum?

235 1711 308 1810 (D.)
327 1712 412 1787 Non
429 1739 566 1788 merces
585 1713 710 1788 eadem
737 1712 914 1788 Sanctis...
938 1714 999 1811 qui
1018 1714 1156 1789 semina
1178 1741 1306 1812 campo

135 1827 257 1924 Larga
274 1826 413 1920 dedere,
434 1839 576 1903 metunt
594 1829 775 1926 spicarum
794 1854 945 1904 munera
962 1828 1078 1925 larga3

135 1942 185 2017 Et
202 1941 340 2018 leviora
355 1955 504 2018 manent
522 1943 692 2019 leviorem
710 1944 804 2019 dona
821 1943 992 2019 laborem.

135 2057 232 2133 Ecce
250 2058 370 2134 Patris
387 2059 500 2135 facies
518 2070 621 2157 patet
639 2059 813 2153 omnibus,
835 2059 1000 2136 omnibus
1018 2060 1177 2157 inquam,

136 2173 214 2248 Nec
231 2183 353 2249 tamen
371 2174 435 2249 illa
452 2177 559 2251 modo
577 2187 764 2274 spectatur
781 2202 927 2272 prorsus
946 2176 1084 2252 eodem.

137 2287 175 2363 si
194 2287 315 2386 plures
332 2290 472 2366 niteant
488 2292 589 2384 radii,
604 2291 640 2365 'si
658 2291 824 2366 cominus
842 2291 974 2385 adstes,

136 2402 246 2479 Clara
263 2406 336 2480 tuis
354 2406 470 2481 oculis
488 2433 606 2481 rerum
624 2407 819 2505 praebetur
836 2407 972 2506 imago,

136 2518 301 2618 Vespera
318 2521 349 2595 si
366 2522 507 2598 minuat
524 2522 654 2617 lucem,
675 2524 704 2598 si
723 2523 867 2622 longius
885 2525 991 2618 absis,

137 2634 353 2712 Luminibus
370 2664 490 2714 rerum
509 2640 652 2737 species
672 2638 822 2715 offertur
838 2667 965 2738 opaca.

233 2753 327 2829 Ecce
346 2755 466 2831 Deum
485 2755 609 2831 cuncti
627 2755 826 2850 redamant,
847 2757 952 2832 unius
971 2758 1102 2833 amoris

136 2868 220 2942 Non
239 2869 338 2944 calor
354 2882 410 2946 est
426 2898 556 2948 unus...
576 2871 684 2947 dictis
702 2871 882 2947 advertite
900 2863 1094 2948 mentem...

135 2982 267 3058 Nonne
284 2985 394 3061 trium
406 2988 585 3085 juvenum
604 2987 841 3085 septemplice
857 2988 1002 3063 flamma
1020 2988 1141 3064 calore

134 3098 248 3192 Arsit,
268 3098 378 3198 ligna,
397 3103 538 3197 bovem,
557 3103 697 3202 lapides
715 3104 777 3202 pia
795 3104 939 3178 flamma
957 3105 1100 3178 voravit

135 3215 260 3316 Lapsa
276 3219 360 3316 polo
378 3219 545 3317 precibus
564 3219 722 3296 Carmeli
740 3229 862 3295 monte
882 3224 1073 3317 stupente?

236 3335 313 3434 (A.)
331 3334 401 3410 Est
418 3335 519 3410 Deus
537 3336 573 3409 in
591 3335 700 3428 coele,
721 3336 783 3432 qui
802 3335 919 3410 sidera
937 3346 1081 3433 torquet
1099 3336 1136 3409 in
1153 3336 1267 3429 orbes,

134 3452 390 3550 Arboreasque
409 3479 533 3526 comas
549 3462 684 3546 movet,
704 3451 834 3526 obtutu
853 3451 953 3526 videt
970 3478 1053 3547 uno,

136 3569 244 3662 Quod
262 3568 340 3663 fuit,
361 3578 398 3644 et
415 3568 509 3667 quod
527 3567 604 3661 erit,
625 3567 722 3665 quod
739 3593 834 3643 nunc
851 3566 1096 3666 est,·corporis
1114 3595 1252 3666 expers,

136 3685 274 3770 Omnis,
286 3684 387 3783 origo
404 3685 489 3760 boni
508 3710 750 3782 supremaque
763 3683 856 3782 juris
875 3682 985 3780 origo,

136 3799 272 3876 Omnia
290 3801 353 3899 qui
370 3799 540 3898 complet,
561 3800 688 3898 spatiis
704 3826 776 3875 non
794 3798 974 3875 clauditur
992 3797 1085 3893 ullis,

135 3915 305 3994 Praemia
322 3916 386 3993 dat
401 3916 509 3992 rectis
527 3926 564 3992 et
583 3927 706 3992 sontes
724 3915 869 3991 vindice
887 3941 1006 4013 poena
1052 3955 1058 3970 ·

134 4032 307 4127 Mulctat,
327 4060 394 4110 nec
413 4033 559 4132 genitus
577 4057 644 4108 nec
665 4031 785 4107 factus
802 4032 873 4108 fine
893 4031 1043 4106 carebit.

132 4148 287 4226 Intueor
304 4147 428 4243 solem,
448 4148 627 4224 feriuntur
645 4148 797 4224 lumina:
817 4147 929 4223 solem

131 4265 374 4342 Aeternum„
394 4265 454 4332 sed
474 4265 569 4341 mole
587 4265 709 4363 gravis
727 4265 825 4358 cado,
845 4291 917 4338 uon
934 4262 1032 4361 capit
1049 4260 1164 4336 undas
