2972 4738
214 196 268 251 294
691 199 906 256 CARMINUM

215 388 337 464 Saeva
353 387 514 486 procella
532 398 643 481 vetat,
663 387 759 463 dulei
776 400 1010 466 removentur
1027 391 1072 465 ab
1091 419 1167 467 ora:

214 503 252 578 N
254 531 395 601 oneg0,
415 504 477 601 qui
494 514 665 602 torquent
683 503 830 598 animas,
851 504 990 581 librabo
1009 506 1162 584 dolores.

312 620 480 696 Extorris
497 620 625 718 patria,
647 646 739 717 quae
757 630 813 695 tot
830 620 897 696 sibi
916 647 1001 697 cara
1018 622 1173 721 reliquit,

215 736 340 812 Mente
357 735 499 812 volutat
516 777 565 790 -
581 762 682 810 amor
699 736 879 812 tristantis
898 738 1074 836 conjugis,
1095 738 1214 814 almus

214 851 472 950 Ingenuusque
490 879 590 949 puer,
610 851 767 928 formosa
784 851 917 950 puella,
937 865 1065 947 roseta,

109 959 113 966 ⁶
214 969 325 1061 Arva,
345 967 450 1060 botri,
469 968 665 1066 pecudes...
685 967 914 1044 haecomnia
932 969 1076 1068 saepius
1096 969 1272 1068 (inquam)

216 1084 418 1160 Sollicitam
437 1084 592 1158 subeunt
609 1095 779 1177 mentem,
800 1084 863 1158 sed
882 1111 967 1160 ecce
986 1097 1133 1160 vetatur

216 1201 316 1298 Lege
333 1199 466 1274 referre
484 1200 596 1296 pedes
613 1199 826 1297 patriaeque
842 1200 1001 1276 revisere
1019 1211 1137 1275 turres
1152 1243 1203 1256 -

214 1316 373 1390 Tantum
392 1315 612 1413 supplicium
630 1315 693 1412 qui
709 1315 844 1412 possim
862 1315 1011 1390 reddere
1029 1317 1173 1391 verbis?

315 1432 388 1509 Sed
406 1458 574 1507 mansura
592 1431 665 1506 scio
682 1431 903 1529 praecellere
922 1432 1016 1508 dona
1032 1432 1194 1530 caducis3

215 1550 420 1624 Aerumnas
436 1547 549 1646 igitur
567 1574 650 1646 spes
667 1548 827 1623 nondum
846 1548 931 1624 sede
949 1548 1067 1646 potita

216 1663 377 1740 Ooelesti
397 1662 569 1760 (memini)
590 1663 749 1759 perferre
762 1663 913 1760 jubetur
931 1664 1116 1740 acerbasl!

315 1778 411 1878 (Th.)
431 1776 678 1871 Leucothoen,
700 1777 851 1853 Chlorin
869 1779 958 1854 felix
977 1806 1044 1877 ego
1063 1779 1175 1879 diligo
1193 1791 1340 1878 pastor.

217 1896 365 1994 Septem
383 1895 505 1993 prisca
522 1894 618 1970 viros
636 1893 801 1968 laudavit
819 1892 986 1991 Graecia,
1006 1895 1107 1971 stulti

216 2011 350 2087 Collati
367 2011 471 2086 vobis
489 2009 713 2107 sapientibus
731 2036 815 2085 ecoe
833 2009 991 2086 fuerunt.

215 2127 285 2202 Est
302 2127 404 2203 coelo
423 2125 572 2224 delapsa
589 2125 709 2219 Fides,
730 2127 910 2223 sapientia
927 2138 1049 2203 vestra

215 2244 284 2318 Est
301 2243 434 2317 donum
453 2242 607 2317 Christi!
629 2240 797 2317 Gaudete
815 2286 864 2298 -
880 2254 1067 2319 morantur
1084 2243 1121 2317 in
1139 2244 1236 2337 orbe,

216 2359 287 2450 Qui
305 2369 503 2434 vescuntur
521 2358 639 2433 adhue
658 2358 826 2433 humanis
852 2359 1034 2452 carnibus,
1055 2370 1165 2456 atque

215 2475 377 2550 Numina
393 2473 634 2549 fictacolunt.
651 2515 701 2526 —
717 2473 943 2568 Animarum,
957 2501 1056 2572 ⁴quae
1074 2475 1276 2572 patiuntur,

216 2591 301 2666 Heu
319 2591 441 2668 tristes
459 2589 600 2687 placuit
618 2589 720 2664 vobis
738 2589 906 2665 evolvere
925 2617 1046 2690 casus3

215 2707 312 2782 Hinc
329 2707 442 2783 lenire
455 2707 564 2804 juvat
581 2704 734 2779 cruciati
752 2705 904 2780 vulnera
920 2706 1047 2782 cordis.
1126 2696 1130 2705 ¹

217 2822 287 2913 Qui
305 2822 412 2920 punit
424 2821 550 2920 juder,
571 2821 708 2894 solatur
727 2847 848 2896 amore
866 2805 1038 2919 parentis,

215 2937 360 3013 Gaudia
376 2936 544 3012 tristitiae
563 2935 733 3011 sociavit!
752 2935 830 3012 Vos
847 2937 944 3012 mala
961 2947 1102 3012 tantum

215 3054 398 3131 Censetis:
419 3053 602 3128 censenda
620 3052 727 3128 simul
744 3053 905 3128 bona-
922 3080 1086 3152 promere
1105 3054 1235 3130 libram

214 3169 322 3244 Nunc
335 3171 455 3266 juvat,
475 3179 511 3243 et
529 3167 625 3242 lanci
644 3168 738 3242 bona
755 3169 896 3243 tradere
914 3168 1030 3244 multa
1047 3170 1168 3244 sorori.
1274 3223 1277 3230 ‚

291 3287 295 3296 '
314 3284 424 3384 (Ohl.)
443 3285 589 3359 Laetari
607 3284 737 3377 tristes,
757 3284 858 3360 nullo
877 3313 1039 3362 sermone
1057 3285 1231 3383 magister

215 3401 294 3475 Nos
311 3427 470 3498 unquam
489 3400 615 3475 docuit
631 3442 680 3454 —
698 3401 861 3476 discendi
878 3402 1021 3499 gaudia,
1041 3402 1199 3500 Thyrse!

215 3516 276 3590 lllle
294 3517 415 3612 gravis
433 3516 539 3590 ardor
556 3516 676 3591 habet.

314 3631 408 3728 (Th.)
428 3632 630 3707 Tristantes
649 3632 790 3707 animae
808 3633 962 3708 flammis
981 3645 1133 3708 uruntur
1151 3635 1296 3731 amoris,

217 3745 335 3844 Seque
353 3747 498 3845 placere
517 3775 581 3823 suo
599 3748 744 3846 penitus
763 3749 915 3824 dedocere
932 3751 1090 3848 parenti:

216 3862 252 3935 N
255 3889 293 3936 os
312 3889 396 3937 vero
413 3863 564 3939 miseros
580 3863 669 3943 haec
687 3875 788 3940 certa
807 3866 960 3940 scientia
977 3893 1161 3964 nunquam

216 3975 358 4051 Blanda
375 4003 499 4054 comes
517 3981 688 4078 sequitur,
709 3980 795 4054 dum
813 3981 910 4055 vitae
927 3971 1109 4080 carpimus
1126 4010 1245 4084 auras,

214 4092 366 4190 Nosque
384 4092 525 4191 plaeere
544 4096 623 4170 Deo
640 4107 781 4170 tanturn
801 4097 1008 4194 confidemus
1026 4098 1135 4174 eheu!

313 4208 425 4283 Certa
442 4208 539 4284 salus
557 4210 666 4285 etiam
684 4211 922 4306 tristantibus,
944 4240 1048 4288 omne
1067 4241 1130 4314 per
1149 4241 1280 4292 aevum
