2988 4730
554 215 675 270 LIBER
704 215 905 272 SECUNDUS

268 405 309 480 Si
327 431 464 503 poenas
476 403 609 502 jubear
625 402 718 478 forte
736 430 867 502 graves
885 403 995 479 dare?

266 520 449 595 Humanis
468 517 580 594 oculis
598 518 705 612 invia,
726 545 818 616 quae
835 521 938 617 petol

267 636 436 728 Quantae
453 635 558 710 molis
576 635 653 727 erit,
674 633 832 728 eredere,
852 661 943 732 quae
962 647 1091 734 patent

365 749 556 826 Intellecta
566 754 619 826 Ρ...
638 750 865 826 levissimae!

267 985 329 1059 An
347 984 497 1082 quinon
515 984 620 1082 capio
637 994 785 1082 gutture
802 984 960 1078 flumina,

268 1100 397 1176 Undae
416 1127 477 1176 ore
495 1110 598 1175 vetor
616 1099 760 1176 demere
778 1100 972 1199 limpidas?
1087 1113 1096 1128 ⁸

269 1216 343 1308 Qui
359 1216 457 1291 vesci
474 1241 614 1313 nequeo
632 1215 811 1291 fructibus
830 1217 1005 1310 omnibus,

367 1331 499 1406 Nullos
516 1331 729 1406 admoveam
746 1332 885 1409 labris?

269 1565 342 1658 Qui
360 1577 529 1664 spectare
548 1566 627 1642 acie
644 1565 814 1641 continua
825 1567 936 1663 jubar

269 1683 357 1758 Non
375 1709 532 1780 possum,
552 1681 712 1757 tenebris
730 1682 866 1771 condar
884 1681 1075 1757 inanibus?

269 1797 357 1874 Heu
374 1796 480 1873 multi
499 1797 586 1874 socii
604 1797 799 1895 desipiunt,
817 1807 952 1872 nocent

368 1913 485 1990 Ooeca
504 1912 759 1988 sollicitudine.

269 2150 339 2224 Est
355 2148 487 2224 infesta
503 2148 601 2223 cruci
619 2174 714 2222 vana
732 2145 896 2244 scientia,

271 2265 370 2364 (Non
388 2275 453 2358 est,
474 2263 569 2362 quod
586 2261 773 2360 dubitem)
793 2262 874 2360 quis
890 2274 1012 2339 tamen
1031 2264 1201 2362 ambigat,

271 2381 407 2457 Sanam
424 2380 518 2456 ferre
537 2380 638 2455 cruci
656 2379 757 2454 lucra
775 2379 964 2476 scientiam

369 2496 494 2573 Sancti
512 2522 661 2571 munere
681 2495 868 2594 Spiritus?

271 2732 366 2807 Sunt
382 2731 478 2829 plebi
497 2730 617 2824 exitia,
638 2730 701 2807 sed
719 2731 856 2829 patrios
874 2758 1016 2830 quoque

271 2847 432 2924 Servant
447 2873 547 2922 arma
564 2847 672 2944 lares3
692 2847 776 2944 igne
793 2858 904 2922 ruunt
921 2846 1059 2940 domus,

271 2963 401 3038 Torret
417 2962 563 3038 flamma
581 2963 707 3061 dapes,
727 2969 950 3061 pascua'non
968 2974 1089 3060 negat,

369 3077 441 3169 Qui
458 3105 587 3155 saevos
606 3079 723 3177 abigit
739 3079 855 3178 lupos.

268 3310 454 3388 Ancillam
473 3312 577 3388 Fidei
595 3340 682 3389 vera
699 3313 857 3407 seientia,
922 3331 925 3340 '

272 3427 322 3504 Se
342 3439 477 3522 censet,
497 3428 679 3504 dominam
699 3429 790 3504 falsa
807 3429 965 3521 seientia,

270 3543 372 3620 Hinc
391 3544 510 3638 cred0,
529 3555 571 3619 ut
588 3545 741 3642 capiam,
763 3545 791 3619 si
810 3546 887 3620 fieri
905 3555 1040 3643 potest,
1115 3547 1118 3550 ’

369 3659 407 3734 N
409 3687 455 3734 on
473 3671 596 3736 autem
614 3660 730 3762 capi0,
751 3673 792 3736 ut
810 3661 892 3742 dein

236 3877 238 3882 ’
271 3891 444 3989 Credam,
462 3919 534 3967 non
552 3893 690 3968 trutina
707 3893 798 3969 libro
816 3894 1017 3992 superbiae,

273 4005 347 4083 Sed
365 4008 579 4084 commendo
598 4009 727 4084 Fidem
746 4021 848 4085 certa
864 4010 1097 4107 negantibus3

272 4122 417 4217 Errant,
438 4123 498 4220 qui
516 4123 647 4222 vigiles
665 4124 800 4201 lumine
819 4125 937 4200 sidera

372 4237 558 4337 Spectant,
578 4251 677 4315 astra
694 4241 868 4339 vagantia
