3040 4732
623 195 743 251 LIBER
771 195 918 252 PRIMUS

289 382 321 459 O
339 381 481 482 quando
493 375 662 482 ¹optatam
680 375 823 482 possem
840 383 1048 484 contingere
1066 385 1228 462 metam?

386 498 539 589 Quando
557 526 668 575 suave
685 498 811 597 chelys

288 613 390 690 Haec
406 615 597 694 cecinisset
614 617 727 712 opus?
745 613 784 690 si
801 641 985 714 nunquam
1002 613 1100 691 fessa
1117 613 1188 691 diei

385 728 471 809 Otia
487 728 596 827 longa
612 757 740 806 manus

289 844 588 943 Carminibusque
606 845 708 921 daret
725 845 895 922 diuturna
912 846 1055 923 silentia
1070 845 1203 922 noctis:

387 960 568 1059 Tempora
585 987 678 1036 cana
695 960 812 1037 forent

291 1074 437 1174 Injectis
454 1075 598 1152 nivibus
615 1075 761 1170 circum,
781 1075 1006 1176 tremuloque
1023 1076 1163 1152 labaret

387 1191 509 1266 Curva
527 1202 674 1267 senecta
691 1192 793 1290 pede,

291 1307 329 1382 N
330 1334 372 1384 ec
390 1333 448 1382 me
464 1308 634 1383 continuo
651 1308 759 1384 finem
777 1307 940 1406 posuisse
958 1309 1080 1403 labori,

387 1422 536 1499 Diceret
553 1450 612 1499 ore
629 1424 759 1522 neposl

291 1539 391 1616 Orux
408 1539 622 1633 veneranda,
643 1538 735 1633 vale,
754 1539 872 1616 medio
891 1539 1125 1639 superaddita
1141 1539 1241 1617 collil

388 1655 445 1730 Tu
461 1655 638 1732 medicina
654 1682 781 1732 recens

291 1770 442 1847 Arboris
460 1772 628 1870 antiquae
645 1782 722 1848 toto
741 1770 949 1870 spectabilis
966 1772 1057 1869 orbi3

389 1887 592 1962 Luxuriosa
607 1888 719 1964 comis
876 1976 880 1982 ,

292 2002 412 2079 Arbor
428 2004 544 2080 amica
561 2003 677 2080 vale...
695 2003 852 2080 radicem
868 2004 1023 2103 porrigis
1041 2003 1124 2101 alte,

392 2119 518 2195 Sidera
534 2119 653 2218 tangit
671 2146 775 2218 apex,

292 2235 377 2312 Non
393 2246 432 2311 te
449 2245 655 2311 straverunt
672 2236 888 2334 crepitantia
905 2235 1049 2334 fulgura
1067 2237 1168 2330 coeli,

301 2433 305 2441 ,
389 2350 475 2426 Non
490 2351 557 2426 tibi
574 2361 670 2426 terra
687 2352 810 2428 minax

293 2467 495 2566 Supposuit
511 2466 731 2561 barathrum,
750 2495 822 2544 non
838 2480 876 2545 te
893 2468 1087 2545 metuenda
1103 2469 1268 2569 bipennis

392 2583 655 2683 Praecipitavit
672 2583 800 2679 adhuc,

293 2700 379 2776 Non
395 2699 530 2798 rapidis
548 2699 674 2775 evulsa
686 2701 787 2798 jaces
804 2701 1054 2801 Aquilonibus,
1075 2711 1175 2776 aetas

391 2817 475 2892 Non
492 2815 675 2892 malesana
691 2827 795 2892 tuum

294 2934 428 3011 Infecit
445 2933 540 3009 carie
558 2933 743 3008 truncum!
763 2931 1003 3010 Venientibus
1022 2932 1126 3009 arbos

392 3049 649 3125 Emolumenta
664 3074 761 3124 nova
874 3101 876 3105 v

255 3235 259 3244 .
294 3165 491 3242 Fructibus
508 3165 650 3241 eximiis
668 3165 741 3240 late
759 3165 923 3263 speciosa
939 3165 1085 3265 parasti,

392 3282 472 3384 Nec
490 3291 613 3357 tamen
631 3280 705 3356 alta
721 3307 836 3379 penus
1101 3287 1116 3372 J

294 3396 528 3489 Exhauritur‚
548 3395 675 3494 hyems
694 3423 766 3472 non
783 3408 820 3472 te
837 3397 1085 3496 pessumdedit
1102 3399 1276 3497 unquam!

392 3512 445 3587 At
459 3511 568 3586 miser
585 3538 673 3588 ecce
690 3512 751 3588 diu

296 3628 454 3704 Lumina
470 3627 690 3725 circumagoz
710 3639 925 3728 superantur
941 3631 1076 3730 gaudia
1092 3631 1203 3728 luctu,

393 3744 619 3820 immaduere
636 3772 762 3844 genae.

297 3859 451 3935 Edimur
467 3859 504 3934 in
522 3860 650 3955 lucem,
672 3873 776 3960 grata
793 3863 1009 3942 recubamus
1026 3866 1064 3941 in
1081 3867 1217 3960 umbra,

394 3973 685 4074 Diffugimusque
703 3976 820 4054 brevil

300 4089 387 4166 Non
404 4089 550 4188 sapiunt
567 4117 742 4188 generosa
758 4093 845 4170 viris
862 4103 927 4170 tua
944 4094 1078 4193 pabula
1094 4094 1230 4189 multis,

396 4205 520 4280 Turba
536 4205 686 4304 profana
704 4233 807 4284 sacro
