2972 4738
565 229 684 284 LIBER
712 231 857 286 SEXTUS

224 413 302 509 (A.)
321 413 472 511 Ignotus
490 413 593 489 vobis
612 441 680 512 ego
697 426 798 490 tanto
816 415 884 491 hoe
912 443 1058 492 munere
1076 418 1206 493 dives?

130 528 203 605 Sed
221 529 251 605 si
268 530 361 605 latro
378 530 519 606 forem?

219 646 380 742 (Linon
398 646 499 739 latro,
520 647 575 721 vir
592 647 707 722 bonus
727 675 765 722 es
785 659 837 722 tu.

221 761 299 853 (A.)
318 761 494 838 Permulti
513 752 683 837 simulant
701 740 894 838 virtutem't

226 877 294 976 (L.)
314 877 381 953 Vir
398 878 514 953 bonus
532 906 571 953 es
588 889 639 953 tu.

125 995 177 1069 Te
195 995 353 1092 produnt
370 994 475 1087 oculi
496 1022 567 1069 non
585 994 697 1088 fallor,
718 997 774 1069 vir
791 997 997 1073 bonust
926 1008 1022 1078 estu

169 1110 526 1203 (O)Vocede1s
543 1139 642 1202 mers
662 1111 767 1186 nobis
785 1113 1111 1211 tuafaaroortaus

125 1227 265 1303 Cuncta
282 1227 388 1302 refer:
409 1225 687 1324 facilesquetibi
705 1228 957 1372 praebebimus
975 1256 1089 1304 aures

224 1343 300 1436 (A.)
319 1343 462 1418 Caerite
482 1371 561 1416 sum
578 1354 684 1417 natus
686 1345 801 1440 justi
818 1347 975 1440 genuere
994 1344 1122 1440 coloni

127 1431 247 1533 Parva
264 1459 403 1546 domus,
422 1485 560 1557 paucae
578 1460 748 1556 pecudes
768 1471 804 1534 et
822 1471 903 1534 curt
906 1487 926 1534 a
945 1460 1117 1558 supellex,

125 1575 266 1650 Parvae
283 1573 388 1649 molis
406 1602 506 1671 ager:
527 1576 590 1649 sed
608 1587 711 1650 erant
728 1574 796 1650 hac
817 1586 911 1650 sorte
931 1576 1026 1650 beat
1000 1589 1043 1672 t13

125 1690 239 1766 Nulla
256 1718 363 1784 soror,
384 1691 504 1765 nullus
523 1691 635 1765 frater
651 1691 740 1765 mihi
756 1733 806 1746 -·-
823 1691 957 1790 parcite
975 1692 1134 1790 linguae:

125 1808 225 1881 Rura
242 1806 450 1882 colebamus
466 1817 581 1900 natus,
602 1818 720 1904 pater3
740 1807 896 1904 impigra
912 1818 1027 1882 mater

125 1922 306 1997 Continuo
324 1922 450 2020 regina
467 1923 603 2016 domus,
624 1934 770 1998 assueta
788 1922 912 1996 labori.

124 2038 176 2113 Et
193 2037 357 2113 fervebat
374 2063 635 2135 opus'semper
653 2038 847 2114 concordia
864 2038 972 2113 felix!

224 2153 422 2231 Incubuere
440 2153 524 2251 polo
542 2153 667 2248 nubes,
687 2152 813 2228 feralia
829 2153 924 2229 bella

124 2270 315 2345 Exarsere.
335 2270 475 2346 Codrus
493 2296 556 2343 rex
573 2282 695 2344 noster
713 2270 878 2344 amabilis
896 2270 989 2345 eheu

125 2385 245 2484 Terga
262 2386 376 2461 dedit:
397 2386 560 2460 Priamus
579 2385 666 2460 duro
684 2386 878 2461 certamine
897 2387 1013 2462 victor

125 2501 308 2577 Barbarus
325 2502 361 2576 in
379 2514 522 2578 nostras
539 2501 700 2577 illabitur
718 2502 847 2598 ignifer
866 2529 957 2577 oras.

125 2617 331 2716 Raptantur
348 2617 517 2716 pecudes,
538 2618 659 2716 campi
676 2629 874 2713 vastantur,
894 2629 930 2693 et
948 2617 1049 2692 ardet
1108 2702 1110 2707 ,

125 2733 245 2808 Parva
263 2735 401 2820 domus.
421 2733 589 2809 Genitrix
607 2735 730 2810 morbo
748 2735 908 2810 cruciata
925 2735 1036 2808 feroci

126 2848 318 2943 Oecubuit,
338 2860 479 2947 patrem
498 2850 646 2924 viduum
664 2851 860 2926 macilenta
878 2861 1041 2925 senectus

124 2963 298 3040 Abstulit.
317 2965 403 3040 Heu
420 2965 560 3040 tristem
573 2964 705 3064 jubeor
721 2991 894 3040 renovare
912 2964 1085 3060 dolorem3

127 3079 270 3173 Quanta
287 3080 385 3156 solus
402 3107 469 3178 ego
486 3091 570 3179 post
586 3091 641 3156 tot
660 3081 868 3156 discrimina
884 3107 1004 3155 rerum

124 3196 310 3271 Aerumnd
328 3195 504 3289 obruerer,
523 3222 620 3270 nunc
639 3222 704 3272 vos
721 3206 875 3292 censete⁷
896 3195 1046 3270 sodales.

222 3311 307 3384 Nox
325 3320 411 3404 erat,
431 3321 469 3385 et
485 3310 592 3386 lunae
609 3310 766 3386 mirabar
785 3310 921 3386 lumina
938 3310 1103 3406 blandae,

123 3426 265 3501 Lucida
282 3426 439 3501 caerulei
457 3426 613 3501 mirabar
632 3426 749 3501 sidera
765 3426 864 3521 coeli,

122 3541 174 3616 Et
192 3541 290 3616 dulci
307 3541 438 3618 collata
456 3542 539 3640 polo
556 3554 642 3618 tunc
661 3542 757 3617 bella
774 3542 943 3617 subibant

123 3657 259 3732 Tristia
277 3657 356 3751 (sed
375 3684 508 3755 quaeso
525 3684 621 3733 nunc
640 3658 773 3733 stultae
792 3657 930 3756 parcite
948 3657 1122 3753 linguae):

123 3773 227 3847 Tunc
246 3799 315 3870 ego
333 3772 532 3870 praecipiti,
551 3784 639 3848 tunc
659 3798 762 3848 sacro
780 3773 937 3871 percitus
955 3784 1059 3847 aestu

122 3888 317 3963 Immemor
334 3889 411 3986 ipse
429 3888 500 3963 mei
517 3888 649 3963 tacitas
666 3888 832 3986 rapiebar
849 3888 886 3962 in
904 3915 1019 3962 auras.

121 4003 193 4102 Eja
210 4030 278 4101 age
296 4031 422 4102 rumpe
439 4004 579 4078 morasl
599 4003 785 4101 (lacrymis
803 4004 880 4078 sine
898 4030 988 4078 voce
1007 4004 1206 4102 querebar),

121 4119 193 4216 Eja
210 4145 279 4217 age
296 4146 424 4218 rumpe
441 4145 559 4195 moras
573 4120 581 4195 l
601 4118 661 4193 An
678 4146 750 4194 non
768 4118 938 4194 vilescere
954 4131 1088 4194 terram

122 4234 254 4329 Sentis,
275 4246 313 4310 et
329 4235 397 4311 hoc
413 4246 558 4334 tempus
577 4234 739 4311 velocius
756 4235 807 4311 ire
825 4235 997 4333 sagittis?

1243 223 1295 276 285
