2988 4730
628 191 842 248 CARMINUM

334 381 359 456 J
363 408 420 455 arn
438 391 570 455 norunt
586 380 725 478 pueri...
743 380 835 455 ferte
852 379 963 476 igitur
980 407 1138 477 crucem,

336 495 406 586 Qui
425 494 536 570 vultis
552 494 692 593 patriae
710 495 836 570 limina
852 506 1011 592 tangere,

336 611 520 687 Aeternae
538 611 693 709 patriae,
713 609 852 685 fundite
871 610 1062 708 lacrymas:

433 725 537 800 Haec
555 737 610 801 est
627 752 700 800 una
717 727 849 800 salus...
868 725 962 823 patil
1177 713 1181 723 ’

338 956 387 1030 Ni
405 982 541 1054 poenas
558 955 742 1047 redimam,
763 954 849 1029 dum
867 954 962 1048 licet,
982 954 1099 1028 incola

338 1071 480 1165 Terrae,
500 1099 558 1147 me
578 1071 696 1146 subito
714 1071 867 1146 carceris
885 1069 982 1146 efferi

339 1187 526 1263 Flammae
545 1187 776 1285 corripient...
795 1197 851 1260 est
868 1185 1051 1284 lacrymae
1069 1185 1169 1279 levis,

336 1383 344 1399 ¹
437 1303 623 1378 Flammae
642 1329 760 1400 poena
776 1302 1001 1399 gravissima.

652 1594 755 1670 ODE
781 1596 827 1671 V.

659 1747 819 1821 PATRI.

155 1897 243 1950 Sinite
259 1897 394 1966 parvulos,
407 1904 433 1950 et
448 1897 530 1949 nolite
542 1913 584 1949 eos
592 1898 737 1965 prohibere
747 1900 785 1950 ad
796 1914 836 1950 ma
852 1899 953 1964 amira·
971 1899 1067 1950 talium
1079 1905 1117 1950 ost
1129 1899 1200 1950 enim
1212 1915 1327 1966 reynum

536 1988 672 2040 coelorum.
694 1987 805 2056 (Matth.
826 1986 946 2055 19,14).

316 2128 402 2202 Noli
418 2128 511 2220 flere,
532 2139 671 2225 pater...
685 2129 763 2225 jam
781 2127 940 2225 quereris
959 2128 1019 2201 diu

315 2241 475 2340 Raptum
495 2242 712 2337 Cornelium,
732 2270 803 2317 non
821 2244 924 2318 decet
942 2243 1001 2318 hic
1022 2243 1141 2317 virum

316 2358 451 2451 Fletus,
472 2386 578 2455 parce
596 2359 673 2455 tibi,
691 2385 763 2434 non
780 2371 929 2435 revocat
947 2359 1047 2434 dolor

414 2473 648 2549 Exstinctum
667 2501 819 2572 puerum
836 2484 950 2549 tuum.

319 2706 421 2781 Uxor
437 2717 474 2780 te
492 2717 639 2804 superat
656 2708 819 2800 candida,
840 2734 931 2806 quae
951 2735 1034 2781 suas

317 2821 343 2897 J
345 2848 404 2896 am
422 2822 527 2896 tersit
543 2821 730 2920 lacrymas,
751 2823 935 2921 egregiam
954 2822 1055 2920 sequi

318 2936 371 3012 Te
389 2936 519 3012 vellem
539 2939 721 3031 comitem,
741 2939 875 3035 gaudia
891 2965 963 3012 non
982 2952 1076 3037 peto,

419 3051 475 3127 Sit
492 3052 593 3127 cordi
611 3052 774 3150 placidus
792 3052 903 3128 dolor.

319 3281 377 3356 En
396 3283 613 3381 quicumque
632 3283 737 3381 sapit,
756 3283 924 3363 tristitiae
943 3283 1089 3358 modum

321 3397 463 3472 Ponit...
482 3396 585 3472 flecte
604 3425 709 3496 genu,
729 3427 823 3473 nunc
844 3400 987 3473 veniam
1004 3425 1102 3496 roga,

320 3512 591 3612 Aeternumque
609 3515 723 3611 proba
740 3514 928 3589 consilium
946 3515 1025 3608 Dei,

418 3628 524 3703 Unus
542 3640 684 3728 sceptra
700 3641 800 3705 tenet
817 3656 937 3706 manu.

320 3857 380 3931 En
396 3857 509 3932 nostri
526 3859 654 3956 capitis
673 3860 875 3937 dinumerat
893 3887 1025 3954 comas,

322 3972 446 4064 Novit,
466 3999 558 4070 quae
575 3974 717 4072 fugiant
733 3988 833 4052 tecta
850 3978 978 4051 domus
995 4002 1092 4070 aves,

321 4088 397 4163 Dat
414 4087 537 4162 divina
554 4089 663 4164 Fides
680 4092 824 4189 ingenio
842 4092 951 4184 faces,

420 4202 470 4277 Et
488 4203 617 4278 solatia
635 4191 801 4302 pectoris
846 4225 850 4235 ’
