3030 4734
593 263 711 318 arnna
739 263 907 332 oururus

217 449 473 548 Innumerique
491 448 655 523 homines
672 459 818 523 aeterna
836 449 920 524 sede
938 449 1035 524 beati

315 566 413 640 Ecce
430 577 564 640 canunt
582 565 642 662 pia
658 564 817 638 carmina
835 562 954 656 labris,

218 681 268 755 Et
284 681 418 756 feriunt
435 681 597 757 citharae
615 679 733 756 vocali
752 680 894 776 pectine
910 679 1077 776 chordas,

315 797 472 895 Imperio
489 808 612 871 movet
629 796 690 871 ille
708 796 847 893 potenti

216 910 345 987 Sidera
362 939 488 1009 sparsa
505 911 587 1009 polo
604 938 863 1009 numerumque
881 922 1044 987 recenset
1061 937 1227 986 arenae...

314 1027 412 1102 Huic
432 1028 509 1126 regi
526 1055 586 1102 cor
603 1028 728 1102 ardeat
745 1028 831 1100 uni!

217 1143 290 1218 Oor
307 1144 454 1242 inquam
472 1127 606 1219 toturn!
627 1171 693 1220 nec
713 1145 767 1219 fas
785 1156 948 1220 avertere
966 1155 1115 1242 partem,

315 1259 431 1351 Quam
451 1287 604 1357 sponsus
622 1259 689 1334 sibi
708 1260 865 1335 vindicet
882 1259 989 1334 alter!

213 1372 315 1449 Ecce
333 1374 412 1449 Deo
430 1375 583 1450 collatus
601 1375 709 1450 homo
726 1375 792 1450 tibi
810 1375 931 1474 pulvis
949 1387 984 1450 et
1003 1374 1142 1450 umbra:

311 1490 499 1565 Laudetur
516 1492 655 1565 sociata
673 1491 813 1585 marito,

214 1603 300 1680 Una
317 1617 439 1681 tamen
458 1607 562 1704 virgo
579 1618 711 1704 nuptas
730 1607 973 1703 supereminet
992 1608 1132 1683 omnes!

311 1720 490 1796 Praeterit
506 1720 742 1797 irrevocabile
759 1732 918 1819 tempus:

212 1835 375 1911 Foedera
393 1864 496 1911 sacra
513 1849 674 1933 manent,
693 1864 758 1911 nec
775 1836 1007 1912 inexorabilis
1025 1863 1182 1935 unquam

309 1952 418 2045 Mors,
439 1953 542 2046 Nice,
561 1964 626 2027 tua
644 1952 790 2027 vincula
807 1963 961 2049 rumpet.

209 2065 302 2156 Quis
320 2079 428 2142 vocet
445 2095 603 2162 uxorem,
625 2096 716 2166 quae
736 2069 784 2142 sit
802 2068 951 2142 viduata
968 2068 1120 2142 marito?

309 2184 394 2258 Non
410 2185 548 2283 rapitur
564 2185 632 2259 tibi
649 2186 774 2260 funere
794 2184 966 2282 Sponsus.

208 2297 344 2378 Ornnia
361 2301 532 2375 continuo
551 2301 716 2376 labentur
734 2300 880 2376 saecula
897 2328 1015 2395 cursu,

309 2414 449 2512 Sponsa
466 2417 535 2490 Dei
554 2417 681 2492 diceris
699 2418 736 2492 in
754 2443 893 2491 aevum.
1104 2409 1106 2414 ’

209 2528 333 2628 Virgo
355 2531 437 2606 vive
456 2532 544 2627 Dec,
565 2533 841 2609 vehementibus
859 2534 1003 2632 ignibus
1021 2535 1115 2627 arde,

307 2646 380 2722 Cor
397 2675 535 2748 semper
552 2649 697 2724 calefiat
715 2651 852 2725 amore!

208 2761 268 2837 Sit
284 2763 350 2838 tibi
369 2791 454 2839 cara
471 2765 589 2858 Fides,
611 2792 717 2862 quam
734 2764 855 2840 nullus
873 2765 1054 2842 adulteret
1071 2793 1203 2841 error...

306 2879 415 2955 Alma
433 2879 542 2955 Fides
559 2881 749 2979 pretiosior
767 2908 863 2973 aure,

206 2991 316 3068 Alma
335 2994 445 3070 Fides
461 3008 580 3071 terrae
597 3023 759 3093 gemmas
777 2996 1021 3094 supereminet
1039 3024 1174 3093 omnes,

305 3109 391 3186 Una
403 3139 417 3208 J
424 3111 512 3185 ubar
530 3111 697 3186 diffundit
712 3113 750 3184 in
768 3111 902 3186 orbem.

203 3224 311 3300 'Tolle
329 3226 457 3301 Fidem
476 3227 583 3322 cordi,
603 3255 675 3302 nox
694 3227 812 3301 obruit
830 3229 948 3302 omnia
965 3227 1083 3326 peplo,

304 3341 419 3416 'Follis
439 3370 554 3438 acum,
575 3370 666 3442 quae
684 3343 801 3418 tendit
819 3343 855 3416 in
873 3347 1021 3437 Arcton,

204 3456 259 3532 Te
276 3458 505 3556 labyrinthus
522 3460 670 3537 habet...
690 3486 861 3535 venerare
879 3459 1067 3536 cacumina
1085 3460 1228 3558 Petrae,

304 3574 425 3650 Fortis
442 3576 503 3650 ubi
522 3576 609 3652 Pius
628 3576 739 3668 Urbis
757 3587 794 3652 et
813 3575 919 3652 Orbis
1112 3667 1115 3674 Δ

205 3688 375 3765 Numinis
394 3691 528 3766 auxilio
546 3692 660 3769 fretus
677 3691 884 3767 moderatur
901 3691 1096 3766 habenas...

203 3811 207 3822 ‘
303 3805 436 3881 Portus
453 3807 504 3881 ibi
521 3818 558 3882 te
575 3808 696 3884 condit
715 3808 864 3903 amicus,

205 3918 291 3995 Una
308 3921 406 3996 salus
425 3909 588 3998 Romana
606 3922 725 4018 Fides,
746 3923 935 3998 mendacia
954 3922 1093 4016 damna,

302 4036 485 4113 Tartareis
503 4038 635 4114 emissa
651 4039 821 4113 tenebris.

202 4149 343 4228 Exsere
362 4179 470 4250 saepe
488 4179 634 4229 crucem
652 4153 752 4228 tenui
771 4154 836 4228 sub
855 4165 956 4229 veste
974 4153 1159 4246 latentem,

301 4267 344 4341 In
364 4267 545 4366 Sponsum
562 4281 627 4345 tua
643 4270 780 4346 lumina
797 4283 932 4368 torque,
996 4269 999 4272 ’
