3040 4732
559 201 679 257 LIBER
707 201 908 258 SECUNDUS

298 389 349 463 nt
366 387 504 464 circum
522 387 655 462 virides
671 387 857 463 frondibus
875 389 1020 466 arbores

299 504 400 578 Fixit
416 530 537 600 gnava
553 529 693 599 manus,
712 503 839 579 funera
855 504 1019 580 termites

300 619 410 696 Flent
427 619 529 694 curvi
547 619 718 716 graciles:
737 619 863 694 hortus
881 619 1046 696 amabilis

395 733 588 832 (lullapsos
605 735 745 810 cineres
762 735 867 833 tegit.

300 967 508 1044 Felicemne
527 967 654 1044 domus
672 968 861 1066 splendida
878 968 1062 1045 continet?

299 1083 433 1159 Nullus
451 1083 563 1158 verba
580 1083 706 1162 refert!
726 1084 870 1160 aemula
886 1111 1105 1160 marmorum

301 1198 340 1275 Si
357 1198 467 1275 corda
483 1199 573 1274 haec
587 1199 749 1275 fuerint?
766 1227 896 1277 aureus
912 1201 1041 1276 innuat

396 1315 504 1413 Ignes
521 1325 698 1392 tartareos
716 1314 843 1391 color?

298 1548 337 1626 si
354 1548 480 1624 laudes
498 1548 667 1624 simulent
684 1549 871 1626 earmina?
888 1551 918 1626 si
935 1577 1048 1649 grave

297 1664 416 1739 Arbor
433 1675 572 1740 moesta
588 1666 699 1740 comis
718 1666 934 1765 supplicium
952 1666 1065 1742 fleat?

298 1778 431 1856 Infelix
448 1779 575 1875 denies,
596 1808 703 1879 quem
720 1781 855 1880 repulit
873 1782 996 1858 Deus!

395 1895 480 1970 Non
497 1897 599 1973 nasei
616 1897 745 1972 melius
763 1897 877 1973 foret!

220 2175 222 2180 -
298 2125 485 2202 Festinate
503 2126 650 2224 pedes...
670 2155 692 2203 ο
709 2127 834 2226 pudor,
854 2127 945 2204 haee
965 2154 1070 2204 eruce

298 2241 486 2316 Mausolea
503 2242 649 2317 carent!
670 2241 847 2318 sciliceta
865 2270 971 2318 eruce

298 2355 437 2431 Vivens
455 2356 549 2456 forte
568 2357 692 2431 aberat
705 2358 751 2432 l...
769 2358 954 2456 magnifici
974 2358 1086 2458 (rogo)
1135 2447 1137 2453 s

396 2472 556 2548 Ornatus
573 2472 703 2547 tumuli
721 2473 871 2570 procul!

298 2701 452 2780 Sanetus
469 2724 603 2803 pompa
621 2704 735 2799 decet,
755 2706 863 2781 busta
879 2705 1087 2805 refulgeant

298 2818 478 2894 Heroum:
498 2819 628 2894 validis
646 2821 753 2896 turba
770 2821 980 2919 gigantibus

297 2935 368 3010 Est
385 2936 571 3033 Pygmaea
587 2936 712 3030 minor,
733 2964 821 3012 rana
838 2937 984 3036 quidem
1002 2949 1127 3033 tumet,

397 3049 470 3126 Sed
487 3078 560 3127 non
577 3051 619 3127 fit
636 3051 763 3134 similis
780 3053 877 3129 bovi.

297 3283 517 3361 Franciscus
535 3286 657 3362 sobole
675 3288 806 3364 nobilis
823 3289 963 3387 inclyta

298 3398 431 3475 Infami
448 3400 565 3476 voluit
582 3402 667 3478 sede
686 3404 883 3501 quiescere:

297 3515 357 3592 En
374 3516 497 3613 magni
514 3517 653 3593 minimi
667 3530 756 3594 sunt
774 3521 851 3614 sibi,
871 3521 1022 3597 maximi

397 3631 482 3707 Heu
500 3632 572 3708 diei
590 3633 728 3709 minimi
748 3635 885 3711 volunt.
934 3677 938 3682 ·

297 3863 464 3940 Gemmis
481 3863 665 3941 luxurient
683 3867 793 3945 eorda
809 3866 1067 3966 frequentibus,

298 3979 401 4054 Auro
418 3980 638 4057 luxurient...
658 3982 798 4058 ferveat
816 3985 986 4078 omnium,

298 4093 379 4170 Nee
398 4095 571 4194 frigescat
587 4098 694 4195 opus!
714 4098 771 4174 fac
791 4098 930 4194 tumuli,
952 4100 1071 4195 Pater,

398 4211 472 4287 Fac
492 4211 613 4288 dulces
631 4213 789 4289 latebras
807 4241 941 4312 amem3
