2988 4730
689 207 903 263 CARMINUM

458 395 611 472 Deserta
626 394 682 469 bis
700 394 929 491 annuntiant3

361 512 580 588 Teterrimos
598 511 733 608 fugisse
751 511 894 586 morbos
911 509 1018 603 illice,

456 626 593 703 Laetae
610 625 810 725 phalanges
827 625 1050 724 praedicant3

360 745 417 819 Ac
435 754 532 819 terra
549 744 670 840 legum
690 743 774 840 (non
790 739 953 839 negabis)
973 741 1162 816 immemor

459 860 636 958 Stupebat
653 870 837 934 auctorem
856 885 975 954 suum3

360 976 467 1052 Multi
485 975 651 1052 redibant
668 975 713 1050 ad
732 974 896 1072 sepulcra
914 973 1062 1072 spiritus

457 1093 512 1166 Eo
524 1091 676 1189 jubente
694 1091 872 1189 protinus3

358 1207 407 1282 Vi
425 1207 523 1283 vocis
541 1205 779 1304 extorquebat
798 1205 884 1282 Orci
902 1204 1057 1304 principi
1159 1285 1162 1292 ι

456 1321 628 1398 Humana
645 1322 762 1397 victor
780 1348 947 1420 corpora3

357 1438 455 1513 Huic
473 1450 510 1513 et
528 1437 696 1513 cohortes
714 1436 924 1534 angelorum
942 1447 1136 1536 praepetes

454 1554 547 1652 Regi
565 1553 817 1628 ministrabant
834 1579 913 1649 su03

357 1669 466 1744 Hunc
483 1670 619 1745 editum
637 1669 716 1744 Deo
735 1669 889 1744 Parente
908 1667 1052 1760 Filium,

454 1787 485 1859 F
487 1785 610 1862 luenta
626 1785 651 1861 J
655 1786 798 1862 ordanis
815 1786 956 1861 sciuntl

357 1901 389 1980 Ο
407 1902 583 2000 pertinax,
604 1901 716 1977 delire
734 1928 834 1999 grex,
853 1899 1015 1999 pericula

454 2018 649 2110 Minentur,
670 2017 706 2091 in
724 2043 900 2114 praeceps
917 2016 1026 2090 ruis...

355 2133 500 2210 Adsunt
518 2133 686 2225 Quirites,
707 2133 829 2208 cincta
847 2130 943 2208 vallo
960 2130 1103 2207 moenia

453 2247 592 2324 Balista
608 2247 739 2347 pulsat,
758 2246 913 2322 barbara

356 2363 506 2462 Spargit
524 2391 688 2439 cruorem
706 2362 841 2439 civium
860 2362 1048 2455 discordia,

452 2479 503 2553 Et
520 2491 635 2554 mater
652 2478 827 2553 infantem
844 2478 965 2576 coquit

353 2593 379 2669 J
381 2595 497 2692 ejuna,
517 2604 702 2692 grassatur
719 2592 806 2686 lues
827 2593 1006 2696 cadavera

451 2711 572 2786 Exesa
589 2711 735 2804 foetent,
755 2710 893 2808 inclyta

355 2827 452 2902 Urbs
470 2828 604 2902 corruit
622 2826 785 2923 Davidis,
803 2827 939 2925 injecta
955 2827 1032 2902 face

452 2942 595 3040 Templi
613 2942 788 3041 palatium
806 2953 944 3018 cremat

353 3058 436 3133 Tito
454 3069 600 3134 vetante
618 3058 731 3152 miles,
751 3059 879 3155 ingens
897 3059 1061 3140 caeditur

450 3173 561 3250 Ferro
579 3185 736 3268 caterva,
756 3175 917 3250 funditur
1181 3263 1184 3270 ,

352 3289 483 3366 Terras
500 3290 537 3366 in
555 3317 678 3365 omnes
696 3317 785 3387 gens
804 3302 998 3389 superstes,
1017 3290 1169 3390 gloriam

449 3406 568 3504 Regni
586 3406 762 3497 caducam
779 3406 844 3480 filii

353 3520 497 3618 Ubique
513 3522 600 3596 flent
619 3521 737 3596 Sionis
755 3521 915 3620 hospites
932 3526 1032 3619 sacri,
1158 3553 1162 3566 ·

450 3636 501 3711 Et
518 3637 680 3735 hospites
697 3637 835 3714 flebunt
851 3639 948 3715 diu...

350 3751 376 3827 J
379 3752 450 3826 usti
467 3752 645 3828 redundat
662 3753 699 3827 in
717 3765 866 3852 nepotes
885 3756 1032 3852 sanguis
1049 3756 1120 3831 heu

449 3868 599 3944 Patrum
617 3879 768 3944 vocatus
786 3871 913 3945 omine.

351 3984 432 4076 Quo
450 3984 601 4059 volvor?
617 3984 688 4061 heu
707 4013 852 4082 quomo
870 3984 1049 4060 tumultus
1068 3986 1203 4085 abripit

448 4098 665 4176 Insanientis
683 4099 859 4196 agminis?

350 4215 490 4291 infame
507 4215 645 4312 lignum
662 4226 781 4312 gestat
798 4217 834 4289 in
852 4212 982 4290 collem
1000 4216 1109 4292 miser

311 4535 337 4675 J
400 4486 614 4678 Ἴ
