2972 4738
548 208 668 263 LIBER
696 205 842 263 SEXTUS

107 397 272 473 Plurima
290 395 460 471 sellicitis
475 394 618 492 argenti
636 394 744 492 copia
761 392 879 490 fulget
1066 493 1069 498 Ι

107 515 194 589 Heu
212 539 357 600 corrasa
375 511 467 604 dolo,
487 511 584 586 furto
601 536 745 586 corrasa
763 509 908 586 lat-enti!
928 552 977 564 -

107 631 160 704 Hi
179 629 257 724 sibi,
275 655 347 702 ncn
366 627 446 702 aliis
466 627 605 720 vivunt,
626 626 829 724 vivuntque
847 627 959 706 beati:

109 745 260 843 Tityrus
279 741 458 837 occubuit,
478 743 569 817 nulli
587 743 724 840 pietate
743 742 940 818 secundus!
952 743 984 836 i„

208 858 285 958 (M.)
308 859 482 952 “Deliras,
503 859 651 934 mulier!
673 859 743 950 Qui
763 859 882 934 sidera
899 869 1044 956 torquet
1061 857 1102 931 in
1119 857 1254 954 orbem,

109 976 160 1050 Et
177 975 295 1072 replet
312 976 459 1050 nivibus
476 987 648 1052 montana
665 976 852 1051 cacumina
871 975 1000 1068 densis,
1110 1021 1113 1026 ·

110 1092 161 1167 Et
178 1093 333 1190 pingues
351 1094 476 1167 onerat
493 1092 645 1167 maturis
663 1091 828 1188 frugibus
847 1118 962 1188 agros,

109 1207 160 1282 Et
177 1221 284 1305 parat
301 1209 432 1307 apricis
449 1209 669 1283 rubicundas
687 1208 842 1284 collibus
860 1235 986 1282 uvas...

110 1323 179 1398 Est
197 1324 294 1400 solus
312 1325 458 1421 sapiens
476 1335 514 1399 et
531 1325 671 1399 cunctis
689 1325 859 1422 providet
876 1325 985 1431 unus!

211 1440 288 1514 “Tu
307 1441 498 1540 pulmenta
514 1440 651 1539 coquis,
671 1452 712 1516 tu
730 1442 855 1517 foedas
873 1468 1016 1516 verrere
1035 1439 1160 1516 sordes

110 1554 161 1629 Et
177 1557 348 1653 gravidos
364 1558 460 1632 nosti
478 1557 551 1632 linc
569 1549 763 1634 deuoluere
778 1543 899 1634 fusos.»

109 1670 166 1745 Tu
184 1672 305 1748 vaccis
323 1672 495 1750 alimenta
512 1700 629 1771 paras,
649 1686 686 1749 et
703 1685 744 1752 tu
761 1676 874 1752 ubera
893 1674 1046 1773 mulges.

109 1787 185 1862 Lac
205 1789 333 1862 vendis
350 1788 507 1882 niveum,
528 1789 600 1864 fers
618 1790 746 1866 molles
764 1791 907 1866 civibus
925 1791 1056 1880 herbas

110 1901 153 1974 In
172 1902 324 1997 calath0,
345 1904 495 1998 fructus,
514 1932 640 2004 panes,
660 1933 679 1980 e
697 1907 772 1982 vite
790 1933 966 1982 racemos.
993 1907 995 1912 ’

110 2017 233 2092 Prima
250 2019 331 2094 luce
349 2021 439 2118 vigil
457 2021 572 2118 capiti
589 2031 654 2096 tua
671 2021 832 2119 pondera
851 2022 972 2115 tradis,
1078 2111 1080 2114 ¹

111 2133 265 2210 Sarcina
282 2162 408 2233 pressa
425 2138 539 2232 datur,
551 2165 668 2236 quem
687 2139 835 2214 verbere
854 2139 978 2232 trudis
1000 2138 1123 2214 asella

110 2250 148 2324 N
150 2277 196 2325 cn
214 2251 346 2328 imbres
363 2253 483 2350 gelidi,
503 2281 574 2328 non
594 2254 695 2329 coelo
713 2254 858 2352 fulgura
875 2256 979 2354 lapsa
1082 2321 1085 2331 .

110 2367 164 2442 Te
182 2369 349 2463 retinent,
370 2369 551 2468 celerique
569 2371 685 2468 gradu
704 2372 903 2470 longinqua
921 2372 1117 2446 domorum

111 2483 256 2559 Limina
272 2512 355 2560 cara
372 2485 481 2584 petis:
501 2487 617 2562 vincis
635 2489 799 2563 mercede
817 2488 993 2564 salebras!

112 2598 202 2674 Sero
221 2600 316 2676 fessa
332 2602 437 2696 rediS,
459 2602 522 2678 das
540 2603 643 2678 lucra
660 2617 789 2701 parata
806 2605 947 2680 marite.

112 2716 255 2814 Accipe
272 2728 466 2812 tantarum,
486 2719 590 2794 felix!
611 2721 805 2817 praeconia
822 2721 999 2817 laudum,
1035 2759 1036 2764 ¹

112 2830 186 2906 Sed
204 2859 301 2932 sape,
321 2834 457 2910 blanda
474 2838 590 2912 sorori
610 2839 722 2936 prisci
740 2839 875 2913 dixisse
893 2839 1078 2935 leguntur:

112 2947 233 3045 Sutor,
252 2977 324 3024 non
342 2951 439 3027 ultra
456 2954 659 3054 crepidam!
679 2955 861 3053 resipisce,
881 2956 1035 3052 quiesce.

211 3063 487 3146 “omnishomo
506 3061 633 3144 videns
649 3070 801 3146 infidum
819 3058 970 3166 navigat
988 3096 1135 3168 aequor:

110 3180 220 3255 Nunc
240 3183 335 3256 vada
352 3193 433 3258 tuta
451 3183 568 3279 silent,
588 3175 800 3284 mulcetque
815 3187 1001 3261 Favonius
1020 3185 1144 3279 undas,

110 3296 305 3373 Gollucent
322 3299 412 3374 radii
426 3301 527 3394 solis,
547 3302 635 3377 ratis
654 3330 746 3379 unca
763 3314 931 3378 movetur

110 3413 160 3501 Vi
179 3413 289 3511 dulci,
309 3427 347 3490 et
363 3428 515 3491 cantant
531 3429 663 3492 nautae
682 3419 744 3516 pia
760 3419 920 3494 carmina
938 3417 1040 3492 laeti:

109 3529 220 3604 Nunc
239 3558 337 3606 mare
354 3531 522 3607 turbatur
538 3534 674 3608 rabidis
692 3534 935 3632 Aquilonibus
952 3533 1073 3624 ictum,

110 3648 162 3722 Et
179 3649 312 3724 fluctus
329 3661 500 3724 resonant
518 3651 727 3749 spumisque
745 3650 972 3730 tumentibus
990 3648 1125 3740 albent,

112 3768 290 3845 Cautibus
309 3766 464 3842 occultis
483 3766 587 3842 allisa
605 3769 730 3842 carina
747 3753 895 3859 fatiscit,

110 3882 328 3982 Mergentur
345 3882 517 3958 barathro
535 3873 690 3981 disjecta
707 3883 885 3958 cadavera
902 3877 1018 3955 vastoi
1116 3949 1120 3956 .
1145 3948 1147 3960 Α

211 4002 329 4078 “Sunt
348 4001 445 4076 dubii
464 4000 586 4093 calles,
608 4011 691 4075 sunt
709 4000 826 4075 multa
843 3998 1003 4098 pericula
1021 3996 1135 4071 vitae!

109 4118 260 4216 Tityrus
277 4119 336 4194 hic
353 4130 476 4194 noster
494 4117 581 4192 felix
600 4119 797 4192 certamine
817 4117 934 4191 victor

109 4235 288 4312 Considet
305 4234 343 4307 in
361 4244 479 4334 portu,
496 4232 593 4309 “nunc
610 4260 746 4308 merces
766 4244 887 4306 servat
904 4231 941 4305 in
959 4229 1107 4305 aevum!
