2962 4742
490 183 611 240 menn
644 142 822 242 ocrnvus

75 371 205 448 Infelix
222 370 347 446 lolium
365 395 451 446 sane
468 370 614 475 vitiavit
632 370 777 445 aristas:
833 397 835 400 ·

170 486 243 564 Sed
259 486 425 562 flavescit
442 485 559 562 adhuc
576 485 665 562 uber
682 486 804 585 opima
820 511 935 583 seges.

74 603 217 679 Horrea
234 627 376 700 semper
394 600 511 677 adhuc
529 599 677 676 tumidis
693 626 885 676 numerosa
901 599 1108 676 redundant

169 716 362 816 Frugibus,
383 726 420 792 et
437 716 571 792 mensis
588 715 728 791 fercula
744 726 850 814 grata
867 725 1008 814 parant.

75 833 242 910 Claustra
258 841 384 908 tenent
400 831 575 925 homines,
595 831 757 906 condunt
774 830 974 929 penetralia
991 831 1134 925 multos,

170 947 268 1041 Quos
280 949 388 1046 juvat
405 946 545 1023 ardenti
561 945 712 1048 fundere
730 946 838 1022 corde
856 972 995 1044 preces,

74 1063 152 1140 Nec
171 1063 257 1139 dare
274 1063 437 1138 membra
452 1073 542 1157 toro,
562 1062 626 1138 sed
643 1062 761 1138 amica
778 1062 922 1139 silentia
937 1062 1057 1138 noetis

170 1178 363 1256 Continuis
380 1178 475 1254 votis
492 1178 672 1254 associare
691 1178 805 1275 lubet3

76 1294 210 1371 Oscula
227 1294 300 1369 fida
317 1294 418 1369 cruci
435 1292 549 1368 libare
566 1294 811 1391 prementibus
828 1293 924 1368 ulnis

170 1410 349 1487 Oordibus
367 1409 534 1485 admotae
552 1435 693 1507 semper
711 1408 844 1507 ubique
861 1408 990 1507 placet.

75 1525 174 1602 Crux
191 1526 317 1624 regina
334 1525 461 1600 domus
479 1523 579 1600 fulvo
596 1524 787 1623 pretiosior
804 1551 892 1600 auro

171 1641 221 1718 Et
239 1641 392 1739 gemmis
409 1641 527 1739 potior
544 1640 651 1716 dulce
670 1639 798 1716 salutis
816 1667 918 1738 opus.

74 1759 285 1857 Aequoreas
301 1783 453 1855 magnes
470 1755 677 1832 moderatur
695 1754 777 1830 vela
793 1781 858 1853 per
875 1754 1004 1830 undas:

172 1872 436 1971 Ooelorumque
452 1871 562 1947 Fides
578 1869 699 1946 nobile
716 1871 844 1968 pandit
862 1871 942 1947 iter.

74 1989 239 2064 Plurima
254 1987 362 2064 turba
379 1987 476 2063 viam
493 1985 609 2084 carpit
626 2012 801 2083 generosa
819 1985 957 2081 salutis,

171 2103 222 2179 Et
239 2103 334 2202 fugit
351 2129 511 2181 errorum
529 2101 636 2178 deria
652 2113 751 2178 certa
767 2102 871 2200 pede.

71 2219 141 2295 Est
157 2245 253 2294 anas
270 2218 393 2294 radius
411 2218 497 2295 solis
515 2227 727 2316 septemque
744 2216 881 2294 colores

171 2333 352 2428 Protinus,
372 2344 413 2411 ut
431 2333 540 2410 docta
558 2331 710 2409 solvitur
727 2344 814 2427 arte,
833 2333 957 2409 refert:

81 2451 184 2526 Urias
201 2475 302 2525 amor
318 2450 381 2548 pia
396 2448 505 2524 corda
520 2449 625 2547 rapit,
646 2449 902 2548 complectitur
918 2448 1015 2526 idem

172 2565 354 2664 Igniculos
370 2564 513 2659 multos,
533 2590 676 2663 unaque
694 2564 838 2648 flamma
853 2564 974 2664 rubet3

72 2682 270 2780 Grauaque
287 2680 404 2756 multa
421 2679 501 2755 sinu
519 2679 664 2778 pinguis
683 2679 887 2756 conduntur
904 2680 1048 2775 aristae,

171 2796 333 2871 Plurima
351 2796 553 2894 spumantis
571 2794 706 2871 labitur
723 2796 821 2871 unda
837 2797 958 2872 maris.

70 2913 144 2992 Est
159 2910 312 2987 thalami
325 2910 449 3009 jurata
466 2910 564 3004 fides,
584 2911 680 2986 bona
698 2937 831 3009 sponsa
848 2911 1019 2988 maritum

176 3025 316 3124 Diligit,
337 3037 375 3103 et
390 3052 494 3102 roseo
512 3027 615 3124 virgo
633 3025 753 3103 colore
769 3027 873 3104 nitet.

72 3142 193 3220 Sacra
208 3140 331 3240 puella
348 3141 427 3217 Deo
444 3142 622 3217 connubia
638 3143 788 3241 respuit,
806 3143 883 3218 odit

172 3256 361 3332 Murmura
376 3283 488 3334 rauca
505 3257 572 3334 fori
590 3270 716 3335 tutave
735 3259 895 3335 claustra
911 3259 1015 3357 petit.

71 3373 233 3452 Abditur
249 3373 288 3447 in
304 3372 453 3449 latebris
470 3372 686 3449 venerabilis
704 3373 790 3449 ordo
808 3374 975 3467 virorum,

173 3488 334 3581 Quorum
351 3515 423 3564 non
441 3487 553 3586 stipat
569 3488 728 3564 foemina
745 3489 870 3565 vincta
886 3477 993 3564 latus.

72 3603 234 3680 Divitias
252 3605 370 3682 odisse
387 3604 520 3712 placet,
538 3631 607 3682 nec
626 3617 771 3704 pectora
789 3617 900 3682 vexat

172 3721 328 3820 Argenti
344 3721 449 3797 nitidi
468 3721 671 3798 sollicitudo
687 3722 821 3820 gravis.

74 3835 196 3912 Parva
213 3837 349 3931 domus,
369 3837 490 3912 brevis
506 3863 590 3914 ecce
608 3863 731 3935 penus,
751 3865 818 3914 nec
837 3837 939 3936 larga
957 3837 1138 3937 supellex,

173 3950 244 4027 Vel
261 3951 402 4050 quaerit
419 3961 565 4028 tenuem
583 3952 732 4029 dextera
749 3954 849 4031 lenta
866 3954 1010 4052 stipem.

75 4065 240 4144 Subdere
259 4067 355 4144 colla
366 4068 458 4166 jugo
475 4067 666 4165 permultis
683 4095 769 4145 cara
785 4069 968 4168 voluptas,

176 4181 304 4260 Sobria
319 4209 391 4261 non
408 4183 547 4262 mulcet
563 4185 672 4262 corda
688 4185 861 4284 profanus
878 4186 1003 4264 honor.
