2930 4734
228 238 282 293 370
702 247 914 303 CARMINUM

229 434 349 533 Culpa
365 434 500 510 malum
519 461 708 528 summum,
730 435 792 510 sed
810 434 927 508 dicam
944 435 1075 508 rectius
1093 461 1216 509 unum.

328 550 397 648 (F.)
405 548 528 626 Verba
539 550 607 626 tibi
624 550 826 642 metuenda,
848 575 954 643 soror,
974 575 1056 624 mea
1072 561 1178 647 terga
1195 551 1365 625 rubescunt

229 667 389 743 Vulnere
407 665 554 742 crudeli.
575 666 670 759 Quid
689 668 818 764 agam?
836 664 928 739 Mihi
946 665 1079 762 gaudia
1095 665 1193 740 tollis

230 782 383 860 Omnia?
488 815 492 826 ¹

327 897 407 992 (G.)
426 898 526 974 Pone
544 909 690 999 metum,
712 909 834 971 sancto
852 896 1042 994 pariuntur
1061 923 1191 992 amore,

229 1015 260 1088 F
262 1026 431 1090 ortuuata
448 1040 556 1106 soror,
577 1013 607 1088 si
624 1012 759 1110 gaudia
778 1012 920 1110 quaeris
939 1012 1088 1087 amoris!

231 1128 324 1204 Sunt
341 1156 521 1223 mansura,
543 1155 650 1221 soror,
671 1137 756 1202 suut
774 1127 941 1202 omuibus
960 1127 1067 1202 obuia
1085 1155 1235 1224 semper,

230 1244 325 1336 Quid
344 1255 508 1342 superest
526 1244 662 1318 homini
680 1243 853 1318 revolutis
872 1255 949 1317 arte
968 1243 1133 1318 choreis?

230 1360 391 1456 lgnavus
408 1360 544 1457 torpet!
565 1360 715 1434 Festina
731 1369 922 1452 revertere,
944 1386 1086 1457 quaese,

229 1474 377 1549 Auxilio
395 1473 543 1550 suffulta
561 1475 630 1549 Dei
648 1485 684 1549 te
702 1474 808 1572 plura
825 1474 974 1549 docebo.

510 2011 515 2024 ,
648 1925 906 2000 romulum
933 1924 983 1998 rr.

600 2201 809 2292 GBHM,
839 2198 1028 2275 FLORA.

327 2510 402 2606 (F.)
420 2511 536 2586 Corde
554 2511 764 2586 volutabam
782 2522 905 2586 tantae
925 2511 985 2608 pia
1002 2511 1112 2584 verba
1130 2511 1334 2608 magistrae,

229 2625 290 2700 Me
308 2625 423 2702 fateor
441 2626 625 2724 didicisse3
646 2627 767 2725 probe,
788 2653 880 2724 quae
901 2625 1059 2701 carmine
1078 2624 1188 2722 digna

229 2741 421 2838 Ingeniosa
438 2741 582 2817 doces...
601 2743 722 2818 vitabo
740 2742 894 2836 theatra,
915 2741 1074 2834 choreas,

229 2855 373 2932 Gaudia
389 2857 502 2932 divini
521 2885 663 2956 semper
680 2869 897 2955 quaerantur
916 2857 1065 2931 auroris!

325 2974 403 3064 (G.)
423 2973 462 3050 Si
481 3001 587 3072 quem
604 2975 710 3072 culpa
727 2983 866 3072 gravat,
888 2973 1018 3071 premit
1035 2971 1148 3047 altum
1166 2974 1272 3048 corde

506 3093 508 3096 ’
1222 3089 1380 3176 dolorem,

228 3203 349 3279 Pallor
366 3205 403 3279 iu
421 3233 481 3280 ore
500 3205 611 3300 sedet,
631 3205 848 3302 turbataque
867 3203 1004 3278 lumina
1021 3213 1180 3301 torpent:

228 3320 383 3396 Conscia
399 3348 499 3395 mens
523 3320 613 3396 recti
630 3321 738 3395 nullis
756 3321 911 3395 obnoxia
928 3320 1033 3413 curis,

229 3435 303 3510 Seu
320 3436 433 3511 morbi
452 3437 614 3529 subeant,
635 3463 698 3510 seu
716 3437 880 3511 mordeat
898 3462 1025 3533 aspera
1042 3435 1182 3532 lingum

230 3549 402 3644 Subdere,
424 3551 541 3646 Flora,
562 3552 651 3645 Deo,
671 3551 815 3649 placido
833 3550 1039 3626 mulcebere
1057 3560 1177 3624 vente.

227 3666 285 3739 Do
303 3666 405 3762 bigas
423 3668 511 3762 aliis,
533 3669 578 3742 do
596 3667 743 3762 fercula,
763 3667 904 3765 pocula,
924 3666 1093 3759 thermas,

227 3782 286 3855 Do
303 3781 447 3857 mollem
465 3783 613 3881 lectum,
632 3783 678 3858 do
696 3793 816 3858 vestes
833 3783 971 3857 murice
989 3783 1129 3874 tinctas,

227 3896 285 3970 Do
303 3923 463 3994 gemmas
481 3926 615 3991 omues,
635 3898 875 3996 laqueataque
893 3909 998 3990 tecta,
1018 3923 1182 3972 racemos

226 4013 277 4086 Et
295 4022 436 4109 segetes
453 4056 501 4067 —
518 4014 607 4088 mihi
625 4041 729 4089 servo
747 4014 875 4106 Deum,
897 4040 967 4112 quo
984 4013 1117 4111 glorior
1135 4041 1206 4089 uno
1223 4058 1271 4069 —

226 4127 330 4203 Haec
350 4139 406 4206 est
423 4139 501 4204 orta
518 4130 597 4204 Deo
615 4129 794 4227 sapientia
810 4129 927 4203 cordis
945 4129 1117 4204 amantis!

325 4242 396 4341 (F.)
415 4243 463 4319 Se
482 4256 661 4341 quaerunt
679 4271 811 4338 omnes,
832 4243 960 4319 uolunt
975 4245 1182 4340 contingere
1201 4255 1347 4337 metam,

1270 4631 1409 4712 ,n-„dl
