2988 4730
535 259 655 314 LIBER
689 259 854 316 TERTIUS

570 742 822 876 onnrxu.

414 1067 480 1140 An
506 1066 680 1142 BONUM
705 1065 974 1142 Pnsroann.
1102 999 1104 1016 r

386 1345 443 1418 Eyo
461 1365 522 1401 aum
539 1349 642 1402 Pastor
660 1349 762 1404 Bonus.
784 1351 856 1420 (Joa.
878 1352 924 1419 10,
946 1351 1001 1421 14).

182 1609 218 1685 O
238 1609 339 1684 Bone
358 1609 487 1685 Pastor
505 1637 571 1684 ave
589 1653 638 1664 -
656 1610 812 1686 delector
829 1611 987 1708 imagine
1006 1611 1153 1707 dudum,

287 1724 388 1816 Quae
407 1751 510 1800 sacra
526 1725 615 1800 mihi
636 1726 811 1824 promitur
828 1753 900 1802 ara.

183 1839 293 1914 Muta
311 1867 417 1916 sonos
435 1841 510 1916 edit
528 1841 604 1916 veri
621 1843 684 1939 pia
701 1842 805 1917 testis
823 1843 970 1918 amoris:

284 1958 384 2032 Aure
402 1956 531 2031 bibunt
550 1957 697 2032 oracula
715 1957 822 2052 surdi,

183 2069 349 2170 Torpida
364 2072 472 2146 corda
488 2083 620 2166 movet,
641 2073 836 2149 vehemens
855 2074 1067 2149 accenditur
1084 2075 1190 2172 ignis,

286 2187 337 2262 Et
353 2187 537 2286 lacrymae
554 2187 724 2263 labuntur
742 2190 900 2264 obortae.

171 2301 257 2396 ‚Est
275 2303 410 2378 virtute
426 2303 542 2378 minor
560 2303 718 2380 facunda
735 2305 898 2402 potentia
915 2304 1026 2399 verbi,

285 2418 336 2493 Et
352 2418 509 2493 calamos
527 2419 712 2517 superavit
728 2419 897 2518 Apelles!

183 2531 219 2610 O
239 2534 340 2610 Bone
359 2535 489 2610 Pastor
507 2561 584 2628 ave,
603 2563 685 2610 mea
701 2563 797 2611 nunc
816 2545 853 2610 te
872 2537 1033 2612 carmina
1051 2537 1186 2636 dicunt,

285 2651 335 2726 Et
352 2650 441 2726 ferio
459 2650 525 2725 tibi
543 2651 687 2748 pectine
704 2651 868 2727 chordas.

182 2768 378 2842 Pastorum
395 2777 631 2841 numerantur
650 2793 745 2861 oves,
765 2779 1003 2843 numerantur
1020 2780 1057 2844 et
1075 2769 1185 2845 orbis:

284 2869 368 2958 Non
386 2882 549 2958 homines
567 2883 796 2959 censebimus
813 2910 982 2982 unquam,

181 2999 285 3091 Quos
297 3000 376 3097 jam
394 2999 511 3096 prima
527 3025 659 3096 parens
677 2999 743 3074 sub
761 3000 907 3074 luminis
925 3001 1038 3076 edidit
1056 3027 1173 3095 auras,

282 3114 333 3190 Et
351 3114 491 3190 soboles
509 3115 644 3190 oritura
661 3143 727 3214 per
745 3141 866 3208 annos,

179 3232 311 3308 Donec
330 3257 471 3306 summa
488 3231 565 3306 dies
583 3232 646 3307 det
662 3232 769 3307 finem
788 3232 961 3330 temporis
979 3232 1097 3331 hujus,
1234 3259 1237 3264 ’

283 3347 382 3423 Huic
400 3349 472 3441 uni,
493 3349 554 3446 qui
572 3360 737 3446 tempora
754 3347 854 3445 fecit,

179 3463 260 3540 Uni
277 3475 364 3539 nota
380 3464 460 3539 Deo
476 3507 526 3517 -
542 3490 715 3562 magnum
734 3463 894 3540 Pastoris
912 3463 1015 3558 ovile,

159 3633 165 3642 -
283 3579 388 3656 Haec
406 3580 534 3677 ingens
552 3580 737 3677 opulentia
755 3579 893 3656 Christi

179 3695 246 3770 Me
263 3696 368 3795 rapit,
390 3697 518 3772 obtutu
536 3706 664 3793 stupeo
682 3696 822 3771 defixus
840 3696 877 3770 in
895 3722 981 3792 uno;

284 3811 356 3888 Sed
373 3812 505 3886 fidibus
521 3813 660 3910 majora
676 3813 864 3887 canamus!

180 3930 314 4004 Pastor
332 3954 418 4002 oves
436 3927 570 4002 coemit
586 3928 760 4025 novitque
779 3927 933 4002 educere
950 3926 1078 4020 foetus,

281 4043 359 4117 Aut
376 4043 534 4141 pecudes
553 4043 619 4118 sibi
638 4043 798 4132 vindicat
815 4043 959 4119 haeres:

181 4161 285 4236 Fecit
300 4187 388 4236 oves
406 4161 544 4254 Pastor,
564 4159 625 4258 qui
643 4161 806 4236 condidit
824 4160 945 4236 omnia
962 4159 1083 4253 verbe,

283 4276 389 4352 Vivit
406 4277 484 4352 ovis
501 4276 640 4352 ratione
658 4277 785 4374 potita.
