2988 4730
590 243 709 298 LIBER
742 243 908 300 TERTIUS

325 433 418 524 Non,
437 456 509 504 non
528 428 718 504 diffiteor...
738 427 928 504 Cornelius
946 440 1030 503 tuus
1068 501 1070 510 ,

324 548 467 644 Arguto
486 544 637 619 eminuit
654 544 786 619 mentis
804 543 979 637 acumine,

325 661 419 755 Non,
438 687 510 735 non
528 659 719 734 diffiteor...
738 659 895 734 numinis
912 660 1086 735 innocens

412 776 498 881 ¹Cor
516 774 682 850 efferbuit
698 774 853 872 ignibus.

327 1005 424 1080 Hinc
443 1004 546 1080 illum
563 1004 694 1103 rapuit,
715 1005 776 1103 qui
793 1031 924 1104 pueros
942 1015 1049 1097 amat,

326 1123 435 1198 Nunc
452 1133 592 1218 spectat
608 1121 805 1196 Dominum
825 1121 997 1215 cominus,
1014 1133 1050 1196 et
1063 1121 1177 1197 melos

328 1236 387 1311 Illi
407 1237 619 1312 continuum
637 1263 703 1334 par
721 1237 820 1311 canit
837 1237 1013 1335 angelis...

427 1352 458 1428 Ο
478 1352 621 1450 quantis
638 1352 748 1428 radiis
765 1352 873 1427 nitetl

330 1584 406 1660 Our
423 1582 513 1658 haec
533 1583 629 1658 alma
645 1611 758 1681 negas
774 1584 908 1681 gaudia
926 1583 1021 1658 filio?

329 1699 414 1775 Non
431 1710 516 1774 nato
534 1698 722 1796 lacrymae,
744 1699 807 1774 sed
823 1699 890 1773 tibi
909 1699 1111 1794 consulunt,

331 1815 459 1890 Privas
477 1814 634 1913 alloquio
652 1814 840 1913 conspicui
857 1815 937 1908 Dei,

429 1929 546 2021 Quem
565 1929 678 2005 velles
694 1930 865 2005 reducem
882 1931 960 2005 tibi.

331 2160 537 2237 Imbecillus
557 2189 692 2237 amor...
711 2189 828 2238 nonne
845 2173 966 2259 patres
984 2163 1078 2238 bona

332 2277 558 2375 Conquirnnt
575 2278 721 2376 pueris?
734 2278 780 2352 da
792 2279 895 2371 bona,
909 2305 1001 2376 quae
1015 2279 1179 2357 manent!

331 2392 487 2468 Infestos
505 2393 625 2492 pueris
644 2421 730 2468 voce
748 2392 933 2491 redarguit

402 2605 406 2616 Ι
430 2508 527 2584 Olim
544 2509 655 2584 ι133113
673 2508 870 2607 apostolos!

330 2739 489 2814 Infestus
506 2766 618 2838 puero
635 2751 676 2813 tu
694 2740 836 2837 genitor
852 2767 940 2816 cave

332 2854 531 2930 Censuram
548 2855 711 2930 Domini!
732 2856 907 2953 sanguine
924 2856 989 2931 filii

331 2971 514 3048 'finxisset
530 2971 722 3046 tremulam
740 2971 940 3050 Thariades
957 3000 1104 3048 manum

429 3087 521 3183 Legi
538 3086 696 3161 numinis
715 3087 931 3185 obsequens:

333 3318 383 3394 Et
399 3331 450 3413 tu,
470 3330 511 3393 tu
529 3320 688 3418 quereris
707 3320 914 3397 Cornelium
932 3332 1045 3415 tuum,

332 3434 449 3526 Quem
466 3437 613 3511 morbus
630 3436 767 3534 rapuit!
787 3437 987 3536 Naufragio
1004 3439 1096 3514 truci

332 3550 525 3626 Terremur
541 3551 674 3648 miseri,
693 3551 806 3627 donec
825 3552 862 3626 in
881 3552 1045 3650 aequoris

432 3665 554 3765 Hujus
571 3665 742 3742 fluctibus
758 3668 937 3743 insumus:

336 3898 376 3974 Si
393 3898 579 3976 mersisset
597 3912 700 3976 atrox
718 3901 814 3976 unda
833 3903 1088 4001 superstitem?

334 4013 391 4088 Tu
410 4014 523 4113 luges,
545 4026 581 4090 31
599 4043 667 4112 ego
684 4017 841 4113 gaude03
862 4018 891 4092 si
909 4030 1022 4116 potes,

334 4129 526 4205 Errantem
543 4130 706 4206 cohibe...
727 4159 857 4206 saevus
875 4159 974 4208 amor
990 4144 1085 4229 tuus,

432 4246 484 4320 Et
500 4246 673 4322 blandum
692 4258 748 4324 331
766 4247 887 4323 odium
905 4275 1036 4324 meum.
