2972 4738
193 207 250 264 2⁶2
670 213 885 268 cummi

196 407 422 478 Aret-*mmm
440 421 481 475 m
500 399 570 474 fide
588 399 676 487 Deo
697 399 726 472 si
745 401 893 495 sanguis
909 400 956 472 ab
972 399 1078 475 hoste

197 518 427 593 fundendus.
449 517 542 590 vires
559 536 676 589 acuet.
696 516 757 611 qui
775 515 913 611 proelia
930 516 1071 610 poscit!

294 634 371 718 lll.)
387 633 525 729 Tityre.
543 653 584 705 tu
602 632 699 722 felix,
719 659 791 705 nou
808 633 941 706 blanda
961 661 1051 706 voce
1068 633 1218 709 lacessit

197 750 251 824 Te
270 750 435 823 stimulus
452 749 582 838 camin
603 775 674 821 non
691 761 728 821 te
746 775 901 822 coenosa
918 748 1095 824 malorum

197 865 383 940 Colluvies
399 880 554 962 torquet²
574 891 645 937 uon
662 884 699 940 re
716 865 921 938 moderator
937 867 1075 938 Averni

195 980 341 1080 Decipit
359 979 551 1074 illecebris3
570 999 607 1054 te
624 1007 695 1052 non
713 979 912 1076 pallescere
929 980 1038 1077 eulpa

199 1096 387 1186 Novimus,
407 1107 444 1170 ct
462 1121 567 1170 sacro
584 1109 621 1169 te
638 1096 806 1170 norimus
823 1096 908 1192 igue
925 1095 1057 1170 calere.

295 1212 380 1296 (M.)
399 1212 467 1287 Est
484 1223 548 1286 tua
565 1223 668 1286 certa
684 1211 792 1303 salus,
812 1212 921 1309 patrii
938 1224 979 1285 tu
996 1211 1123 1286 limina
1138 1214 1234 1287 coeli

198 1327 287 1402 llos
304 1329 473 1404 transibis
490 1355 618 1403 ovans:
637 1355 702 1402 uos
720 1355 784 1425 per
801 1329 944 1402 deserta
961 1356 1139 1425 vagamur

198 1443 350 1520 Incertis
368 1443 531 1542 pedibus.
551 1443 610 1518 Da
626 1471 692 1518 nos
708 1445 917 1540 contingere
934 1457 1071 1518 metam

198 1558 333 1634 Effusis
350 1560 529 1658 precibus,
548 1571 632 1634 sunt
650 1559 741 1634 haec
760 1561 822 1658 pia
839 1571 925 1634 vota
940 1573 1142 1656 pareutum.

295 1677 438 1750 Aurora
455 1675 594 1750 interea
609 1676 752 1750 cunctis
769 1676 1013 1749 animantibus
1030 1675 1163 1749 almam

199 1789 392 1866 Extulerat
408 1790 543 1886 lucem;
561 1791 708 1866 condita
725 1789 868 1864 silentia
884 1791 1000 1865 noctis
1108 1869 1111 1876 ,

196 1905 387 2005 Colloquio
405 1906 501 1982 dulci
518 1906 642 2005 fugere
660 1907 883 1997 brevissima,
903 1907 1071 1980 membris

198 2021 321 2098 Robur
339 2023 442 2116 inest,
461 2049 529 2098 nec
548 2023 646 2098 fessa
662 2023 766 2121 gravi
785 2034 869 2097 sunt
888 2021 1024 2096 lumina
1041 2049 1177 2096 somno.

200 2137 364 2236 Corpora
380 2139 577 2232 firmantur,
598 2137 627 2213 si
645 2139 775 2213 dentur
791 2138 926 2236 pabula
942 2139 1076 2212 menti!
1142 2227 1149 2230 ,

296 2254 428 2352 Mycon
446 2266 484 2330 et
501 2255 656 2352 Daphne
674 2266 828 2351 surgunt
846 2265 883 2330 et
900 2254 1039 2327 lumina
1056 2265 1228 2351 torquent

200 2367 243 2444 Iu
261 2381 402 2444 natum:
423 2368 601 2468 Suprema
618 2370 746 2444 damus
763 2369 830 2444 tibi
849 2369 960 2444 verba
976 2381 1145 2467 parentes

202 2483 448 2582 (Ingeminant
465 2486 621 2582 moesti),
639 2486 785 2583 capient
802 2497 838 2560 te
855 2496 958 2560 muta
975 2485 1154 2583 sepulcra,

198 2599 365 2678 Exuvias
382 2601 581 2676 condentur
599 2601 718 2694 hum0,
737 2628 826 2676 crux
844 2600 964 2699 lignea
980 2601 1086 2676 testis

197 2714 360 2794 Invictas
379 2716 525 2791 virtutis
544 2717 626 2812 erit3
645 2716 708 2792 sed
726 2717 880 2822 buccina
899 2716 1047 2791 tandem

199 2828 409 2930 Perstrepit,
430 2843 467 2907 et
482 2858 606 2906 rursus
624 2831 763 2906 cineres
775 2832 980 2930 junguntur
997 2831 1115 2924 amici,

198 2945 356 3046 Spiritus
374 2949 410 3024 in
424 2949 532 3024 'caros
550 2947 677 3046 pernix
694 2947 855 3022 illabitur
873 2949 994 3023 artus!

197 3063 351 3140 Labitur
368 3064 406 3140 in
423 3077 565 3142 nostros
583 3066 692 3140 etiam
709 3109 758 3121 —
775 3065 939 3142 mirabile
958 3065 1071 3140 dictu:

198 3179 378 3276 Vivimus,
395 3194 580 3258 aeternum
598 3182 682 3257 nexi
701 3181 878 3258 laetamur
895 3182 931 3256 in
950 3183 1103 3256 aevum!
1120 3223 1170 3236 -

294 3297 483 3376 Excubiae
503 3299 655 3398 vigilum
674 3309 864 3396 praesente
882 3297 1056 3374 cadavere
1074 3324 1213 3373 morum

196 3411 439 3512 Argumenta:
459 3416 624 3514 probant⁷
644 3413 825 3512 permulta
842 3425 1029 3512 tepescere
1046 3413 1162 3507 corda,

198 3528 437 3630 Urbanasque
456 3531 581 3608 domos
598 3531 681 3606 fidei
698 3531 862 3606 radiante
880 3531 1025 3606 lucerna

199 3645 351 3722 Prorsus
369 3647 529 3723 destitui.
550 3646 623 3723 Sub
643 3647 760 3746 prima
777 3646 993 3746 crepuscula
1011 3645 1116 3720 multi

197 3759 367 3860 Undique
386 3763 616 3856 conveniunt,
637 3789 681 3838 en
700 3762 950 3860 pulvinaribus
968 3760 1052 3836 altis

199 3875 354 3954 Incubet
372 3880 558 3974 exanimis,
578 3881 754 3978 nigrescit
772 3879 904 3978 ubique
922 3879 1058 3976 tapetis

195 3991 351 4070 Velatus
369 3996 501 4093 paries⁷
521 4007 557 4072 et
576 3996 714 4072 circum
734 3996 873 4101 lumina
891 3996 1044 4094 fulgent.

198 4107 392 4186 Immemor
410 4110 481 4188 heu
498 4113 624 4188 mortis
641 4114 835 4188 temeraria
852 4113 957 4188 turba
975 4111 1173 4189 cachinnos

198 4224 404 4326 Ingerninat
421 4227 604 4321 tremulos,
626 4228 874 4326 obscoenaque
892 4227 1055 4304 carmina
1072 4225 1192 4302 raucis
