<?xml version="1.0" encoding="UTF-8"?>
<!DOCTYPE html PUBLIC "-//W3C//DTD XHTML 1.0 Transitional//EN"
    "http://www.w3.org/TR/xhtml1/DTD/xhtml1-transitional.dtd">
<html xmlns="http://www.w3.org/1999/xhtml" xml:lang="en" lang="en">
 <head>
  <title>
</title>
<meta http-equiv="Content-Type" content="text/html;charset=utf-8" />
  <meta name='ocr-system' content='tesseract 3.04.00' />
  <meta name='ocr-capabilities' content='ocr_page ocr_carea ocr_par ocr_line ocrx_word'/>
</head>
<body>
  <div class='ocr_page' id='page_1' title='image "./carminumlibrioc00schngoog_0372.png"; bbox 0 0 2972 4738; ppageno 0'>
   <div class='ocr_carea' id='block_1_1' title="bbox 564 213 856 270">
    <p class='ocr_par' dir='ltr' id='par_1_1' title="bbox 564 213 856 270">
     <span class='ocr_line' id='line_1_1' title="bbox 564 213 856 270; baseline 0 -2"><span class='ocrx_word' id='word_1_1' title='bbox 564 213 684 268; x_wconf 87' lang='lat' dir='ltr'><strong>LIBER</strong></span> <span class='ocrx_word' id='word_1_2' title='bbox 711 213 856 270; x_wconf 84' lang='lat' dir='ltr'>SEXTUS</span> 
     </span>
    </p>
   </div>
   <div class='ocr_carea' id='block_1_2' title="bbox 121 401 1207 4323">
    <p class='ocr_par' dir='ltr' id='par_1_2' title="bbox 121 401 1190 731">
     <span class='ocr_line' id='line_1_2' title="bbox 121 401 1023 502; baseline -0.002 -24"><span class='ocrx_word' id='word_1_3' title='bbox 121 403 272 502; x_wconf 84' lang='lat' dir='ltr'>Frigore</span> <span class='ocrx_word' id='word_1_4' title='bbox 289 415 386 478; x_wconf 88' lang='lat' dir='ltr'>torta</span> <span class='ocrx_word' id='word_1_5' title='bbox 402 401 515 499; x_wconf 88' lang='lat' dir='ltr'>gravi,</span> <span class='ocrx_word' id='word_1_6' title='bbox 536 401 676 477; x_wconf 80' lang='lat' dir='ltr'>soboles</span> <span class='ocrx_word' id='word_1_7' title='bbox 692 401 837 478; x_wconf 87' lang='lat' dir='ltr'>inimica</span> <span class='ocrx_word' id='word_1_8' title='bbox 853 401 1023 496; x_wconf 82' lang='lat' dir='ltr'><strong>Deorum,</strong></span> 
     </span>
     <span class='ocr_line' id='line_1_3' title="bbox 122 517 1190 615; baseline -0.005 -20"><span class='ocrx_word' id='word_1_9' title='bbox 122 519 197 595; x_wconf 91' lang='lat' dir='ltr'>Uni</span> <span class='ocrx_word' id='word_1_10' title='bbox 216 546 319 594; x_wconf 87' lang='lat' dir='ltr'>sacra</span> <span class='ocrx_word' id='word_1_11' title='bbox 336 518 450 593; x_wconf 88' lang='lat' dir='ltr'>Deo...</span> <span class='ocrx_word' id='word_1_12' title='bbox 469 517 577 615; x_wconf 88' lang='lat' dir='ltr'>longo</span> <span class='ocrx_word' id='word_1_13' title='bbox 595 518 794 593; x_wconf 79' lang='lat' dir='ltr'>certamine</span> <span class='ocrx_word' id='word_1_14' title='bbox 812 518 944 594; x_wconf 88' lang='lat' dir='ltr'>victrix</span> <span class='ocrx_word' id='word_1_15' title='bbox 1188 568 1190 580; x_wconf 84' lang='lat'><em>·</em></span> 
     </span>
     <span class='ocr_line' id='line_1_4' title="bbox 121 632 1120 731; baseline -0.002 -21"><span class='ocrx_word' id='word_1_16' title='bbox 121 634 226 711; x_wconf 82' lang='lat' dir='ltr'>Dicis</span> <span class='ocrx_word' id='word_1_17' title='bbox 244 634 285 709; x_wconf 88' lang='lat' dir='ltr'>lo</span> <span class='ocrx_word' id='word_1_18' title='bbox 303 634 422 726; x_wconf 88' lang='lat' dir='ltr'>Pater,</span> <span class='ocrx_word' id='word_1_19' title='bbox 443 644 480 708; x_wconf 92' lang='lat' dir='ltr'>et</span> <span class='ocrx_word' id='word_1_20' title='bbox 498 633 624 731; x_wconf 82' lang='lat' dir='ltr'>Virgo,</span> <span class='ocrx_word' id='word_1_21' title='bbox 643 632 725 708; x_wconf 86' lang='lat' dir='ltr'>Rex</span> <span class='ocrx_word' id='word_1_22' title='bbox 744 632 888 708; x_wconf 82' lang='lat' dir='ltr'>Christe</span> <span class='ocrx_word' id='word_1_23' title='bbox 909 633 1120 708; x_wconf 84' lang='lat' dir='ltr'>Redemtorl</span> 
     </span>
    </p>

    <p class='ocr_par' dir='ltr' id='par_1_3' title="bbox 122 738 1173 2934">
     <span class='ocr_line' id='line_1_5' title="bbox 220 738 1173 847; baseline 0.001 -24"><span class='ocrx_word' id='word_1_24' title='bbox 220 749 293 847; x_wconf 84' lang='lat' dir='ltr'><strong>(D.)</strong></span> <span class='ocrx_word' id='word_1_25' title='bbox 315 749 486 846; x_wconf 81' lang='lat' dir='ltr'>Quisquis</span> <span class='ocrx_word' id='word_1_26' title='bbox 502 748 571 824; x_wconf 90' lang='lat' dir='ltr'>iter</span> <span class='ocrx_word' id='word_1_27' title='bbox 588 738 681 823; x_wconf 83' lang='lat' dir='ltr'>coeli</span> <span class='ocrx_word' id='word_1_28' title='bbox 699 749 827 846; x_wconf 80' lang='lat' dir='ltr'>carpit,</span> <span class='ocrx_word' id='word_1_29' title='bbox 847 749 1003 846; x_wconf 86' lang='lat' dir='ltr'>perferre</span> <span class='ocrx_word' id='word_1_30' title='bbox 1022 749 1173 846; x_wconf 85' lang='lat' dir='ltr'>labores,</span> 
     </span>
     <span class='ocr_line' id='line_1_6' title="bbox 122 864 930 964; baseline -0.005 -22"><span class='ocrx_word' id='word_1_31' title='bbox 122 868 174 942; x_wconf 86' lang='lat' dir='ltr'>Et</span> <span class='ocrx_word' id='word_1_32' title='bbox 190 866 287 941; x_wconf 89' lang='lat' dir='ltr'>mala</span> <span class='ocrx_word' id='word_1_33' title='bbox 304 866 418 940; x_wconf 88' lang='lat' dir='ltr'>multa</span> <span class='ocrx_word' id='word_1_34' title='bbox 436 865 511 964; x_wconf 91' lang='lat' dir='ltr'>pati</span> <span class='ocrx_word' id='word_1_35' title='bbox 530 864 652 940; x_wconf 83' lang='lat' dir='ltr'>divina</span> <span class='ocrx_word' id='word_1_36' title='bbox 670 891 757 940; x_wconf 86' lang='lat' dir='ltr'>voce</span> <span class='ocrx_word' id='word_1_37' title='bbox 769 865 930 963; x_wconf 86' lang='lat' dir='ltr'>jubetur.</span> 
     </span>
     <span class='ocr_line' id='line_1_7' title="bbox 123 981 1107 1080; baseline -0.003 -22"><span class='ocrx_word' id='word_1_38' title='bbox 123 984 258 1058; x_wconf 79' lang='lat' dir='ltr'>Noster</span> <span class='ocrx_word' id='word_1_39' title='bbox 275 991 415 1080; x_wconf 78' lang='lat' dir='ltr'>pugnat</span> <span class='ocrx_word' id='word_1_40' title='bbox 433 1007 541 1074; x_wconf 87' lang='lat' dir='ltr'>amor,</span> <span class='ocrx_word' id='word_1_41' title='bbox 562 992 647 1055; x_wconf 90' lang='lat' dir='ltr'>sunt</span> <span class='ocrx_word' id='word_1_42' title='bbox 663 981 801 1079; x_wconf 87' lang='lat' dir='ltr'>proelia</span> <span class='ocrx_word' id='word_1_43' title='bbox 817 993 941 1058; x_wconf 88' lang='lat' dir='ltr'>nostra</span> <span class='ocrx_word' id='word_1_44' title='bbox 957 981 1107 1076; x_wconf 88' lang='lat' dir='ltr'>dolores,</span> 
     </span>
     <span class='ocr_line' id='line_1_8' title="bbox 123 1096 1050 1196; baseline 0 -24"><span class='ocrx_word' id='word_1_45' title='bbox 123 1099 256 1174; x_wconf 90' lang='lat' dir='ltr'>Deleta</span> <span class='ocrx_word' id='word_1_46' title='bbox 273 1098 383 1195; x_wconf 90' lang='lat' dir='ltr'>culpa</span> <span class='ocrx_word' id='word_1_47' title='bbox 400 1096 607 1172; x_wconf 88' lang='lat' dir='ltr'>redimenda</span> <span class='ocrx_word' id='word_1_48' title='bbox 624 1109 679 1172; x_wconf 87' lang='lat' dir='ltr'>est</span> <span class='ocrx_word' id='word_1_49' title='bbox 696 1123 814 1195; x_wconf 91' lang='lat' dir='ltr'>poena</span> <span class='ocrx_word' id='word_1_50' title='bbox 831 1109 1050 1196; x_wconf 88' lang='lat' dir='ltr'>superstes...</span> 
     </span>
     <span class='ocr_line' id='line_1_9' title="bbox 124 1212 952 1310; baseline -0.001 -21"><span class='ocrx_word' id='word_1_51' title='bbox 124 1215 248 1289; x_wconf 90' lang='lat' dir='ltr'>Poena</span> <span class='ocrx_word' id='word_1_52' title='bbox 265 1213 375 1288; x_wconf 89' lang='lat' dir='ltr'>dolor.</span> <span class='ocrx_word' id='word_1_53' title='bbox 396 1212 526 1287; x_wconf 88' lang='lat' dir='ltr'>Poenis</span> <span class='ocrx_word' id='word_1_54' title='bbox 545 1212 803 1288; x_wconf 88' lang='lat' dir='ltr'>exercebantur</span> <span class='ocrx_word' id='word_1_55' title='bbox 819 1213 952 1310; x_wconf 90' lang='lat' dir='ltr'>ubique</span> 
     </span>
     <span class='ocr_line' id='line_1_10' title="bbox 123 1328 1020 1428; baseline 0.001 -25"><span class='ocrx_word' id='word_1_56' title='bbox 123 1330 290 1428; x_wconf 86' lang='lat' dir='ltr'>Insignes</span> <span class='ocrx_word' id='word_1_57' title='bbox 307 1328 479 1422; x_wconf 89' lang='lat' dir='ltr'>homines,</span> <span class='ocrx_word' id='word_1_58' title='bbox 498 1328 598 1404; x_wconf 91' lang='lat' dir='ltr'>nullo</span> <span class='ocrx_word' id='word_1_59' title='bbox 615 1355 687 1404; x_wconf 91' lang='lat' dir='ltr'>non</span> <span class='ocrx_word' id='word_1_60' title='bbox 704 1339 867 1427; x_wconf 91' lang='lat' dir='ltr'>tempore</span> <span class='ocrx_word' id='word_1_61' title='bbox 884 1355 1020 1428; x_wconf 85' lang='lat' dir='ltr'>poenas</span> 
     </span>
     <span class='ocr_line' id='line_1_11' title="bbox 125 1445 937 1543; baseline 0 -21"><span class='ocrx_word' id='word_1_62' title='bbox 125 1446 346 1540; x_wconf 69' lang='lat' dir='ltr'>Quaesivbre</span> <span class='ocrx_word' id='word_1_63' title='bbox 365 1447 485 1542; x_wconf 84' lang='lat' dir='ltr'>etiam,</span> <span class='ocrx_word' id='word_1_64' title='bbox 504 1445 606 1543; x_wconf 88' lang='lat' dir='ltr'>lapso</span> <span class='ocrx_word' id='word_1_65' title='bbox 624 1446 822 1520; x_wconf 84' lang='lat' dir='ltr'>tentamine</span> <span class='ocrx_word' id='word_1_66' title='bbox 840 1446 937 1522; x_wconf 87' lang='lat' dir='ltr'>vitae</span> 
     </span>
     <span class='ocr_line' id='line_1_12' title="bbox 124 1561 1121 1660; baseline -0.001 -23"><span class='ocrx_word' id='word_1_67' title='bbox 124 1563 330 1640; x_wconf 85' lang='lat' dir='ltr'>Incolumes</span> <span class='ocrx_word' id='word_1_68' title='bbox 347 1562 524 1660; x_wconf 90' lang='lat' dir='ltr'>gaudentl</span> <span class='ocrx_word' id='word_1_69' title='bbox 544 1603 592 1616; x_wconf 89' lang='lat'><em>-</em></span> <span class='ocrx_word' id='word_1_70' title='bbox 610 1561 810 1636; x_wconf 88' lang='lat' dir='ltr'>Ultricibus</span> <span class='ocrx_word' id='word_1_71' title='bbox 827 1561 951 1636; x_wconf 89' lang='lat' dir='ltr'>abdita</span> <span class='ocrx_word' id='word_1_72' title='bbox 967 1561 1121 1636; x_wconf 89' lang='lat' dir='ltr'>flammis</span> 
     </span>
     <span class='ocr_line' id='line_1_13' title="bbox 124 1677 1035 1775; baseline -0.003 -20"><span class='ocrx_word' id='word_1_73' title='bbox 124 1680 226 1755; x_wconf 85' lang='lat' dir='ltr'>Gens</span> <span class='ocrx_word' id='word_1_74' title='bbox 243 1679 454 1775; x_wconf 77' lang='lat' dir='ltr'>lacrymosa,</span> <span class='ocrx_word' id='word_1_75' title='bbox 473 1677 543 1775; x_wconf 90' lang='lat' dir='ltr'>piis</span> <span class='ocrx_word' id='word_1_76' title='bbox 559 1688 596 1752; x_wconf 90' lang='lat' dir='ltr'>te</span> <span class='ocrx_word' id='word_1_77' title='bbox 614 1677 733 1752; x_wconf 90' lang='lat' dir='ltr'>verbis</span> <span class='ocrx_word' id='word_1_78' title='bbox 752 1677 913 1775; x_wconf 87' lang='lat' dir='ltr'>alloquor</span> <span class='ocrx_word' id='word_1_79' title='bbox 932 1678 1035 1771; x_wconf 88' lang='lat' dir='ltr'>ultro,</span> 
     </span>
     <span class='ocr_line' id='line_1_14' title="bbox 124 1794 949 1894; baseline -0.002 -24"><span class='ocrx_word' id='word_1_80' title='bbox 124 1797 320 1894; x_wconf 81' lang='lat' dir='ltr'>Progenies</span> <span class='ocrx_word' id='word_1_81' title='bbox 338 1795 468 1869; x_wconf 88' lang='lat' dir='ltr'>dilecta</span> <span class='ocrx_word' id='word_1_82' title='bbox 485 1794 575 1892; x_wconf 82' lang='lat' dir='ltr'>Deo,</span> <span class='ocrx_word' id='word_1_83' title='bbox 594 1820 685 1892; x_wconf 89' lang='lat' dir='ltr'>quae</span> <span class='ocrx_word' id='word_1_84' title='bbox 704 1794 848 1891; x_wconf 85' lang='lat' dir='ltr'>segnior</span> <span class='ocrx_word' id='word_1_85' title='bbox 865 1794 949 1869; x_wconf 91' lang='lat' dir='ltr'>olim</span> 
     </span>
     <span class='ocr_line' id='line_1_15' title="bbox 123 1897 1104 2010; baseline -0.002 -24"><span class='ocrx_word' id='word_1_86' title='bbox 123 1913 233 1987; x_wconf 88' lang='lat' dir='ltr'>Nunc</span> <span class='ocrx_word' id='word_1_87' title='bbox 252 1897 387 2010; x_wconf 90' lang='lat' dir='ltr'>pateris</span> <span class='ocrx_word' id='word_1_88' title='bbox 404 1910 605 2007; x_wconf 87' lang='lat' dir='ltr'>graviora...</span> <span class='ocrx_word' id='word_1_89' title='bbox 624 1936 756 2007; x_wconf 90' lang='lat' dir='ltr'>preces,</span> <span class='ocrx_word' id='word_1_90' title='bbox 776 1910 953 2007; x_wconf 87' lang='lat' dir='ltr'>patientia</span> <span class='ocrx_word' id='word_1_91' title='bbox 970 1920 1104 2007; x_wconf 88' lang='lat' dir='ltr'>nostra,</span> 
     </span>
     <span class='ocr_line' id='line_1_16' title="bbox 123 2025 977 2125; baseline -0.002 -24"><span class='ocrx_word' id='word_1_92' title='bbox 123 2027 314 2125; x_wconf 91' lang='lat' dir='ltr'>Multaque</span> <span class='ocrx_word' id='word_1_93' title='bbox 334 2025 527 2101; x_wconf 81' lang='lat' dir='ltr'>Santorum</span> <span class='ocrx_word' id='word_1_94' title='bbox 547 2037 698 2123; x_wconf 87' lang='lat' dir='ltr'>prosunt</span> <span class='ocrx_word' id='word_1_95' title='bbox 715 2025 845 2100; x_wconf 87' lang='lat' dir='ltr'>solatia</span> <span class='ocrx_word' id='word_1_96' title='bbox 862 2025 977 2100; x_wconf 84' lang='lat' dir='ltr'>vobis.</span> 
     </span>
     <span class='ocr_line' id='line_1_17' title="bbox 124 2140 1054 2239; baseline 0.001 -21"><span class='ocrx_word' id='word_1_97' title='bbox 124 2141 283 2218; x_wconf 90' lang='lat' dir='ltr'>Vincula</span> <span class='ocrx_word' id='word_1_98' title='bbox 300 2151 524 2239; x_wconf 88' lang='lat' dir='ltr'>rumpuntur,</span> <span class='ocrx_word' id='word_1_99' title='bbox 545 2151 646 2239; x_wconf 89' lang='lat' dir='ltr'>patet</span> <span class='ocrx_word' id='word_1_100' title='bbox 664 2141 792 2234; x_wconf 69' lang='lat' dir='ltr'>exitus</span> <span class='ocrx_word' id='word_1_101' title='bbox 813 2151 896 2216; x_wconf 70' lang='lat' dir='ltr'>aera</span> <span class='ocrx_word' id='word_1_102' title='bbox 913 2140 1054 2220; x_wconf 88' lang='lat' dir='ltr'>findunt</span> 
     </span>
     <span class='ocr_line' id='line_1_18' title="bbox 124 2255 976 2355; baseline -0.004 -20"><span class='ocrx_word' id='word_1_103' title='bbox 124 2258 388 2354; x_wconf 79' lang='lat' dir='ltr'>Coelorumque</span> <span class='ocrx_word' id='word_1_104' title='bbox 405 2267 512 2332; x_wconf 89' lang='lat' dir='ltr'>tenus</span> <span class='ocrx_word' id='word_1_105' title='bbox 530 2255 661 2331; x_wconf 83' lang='lat' dir='ltr'>festivo</span> <span class='ocrx_word' id='word_1_106' title='bbox 679 2255 776 2330; x_wconf 87' lang='lat' dir='ltr'>laeta</span> <span class='ocrx_word' id='word_1_107' title='bbox 792 2255 976 2355; x_wconf 90' lang='lat' dir='ltr'>triumpho</span> 
     </span>
     <span class='ocr_line' id='line_1_19' title="bbox 123 2371 983 2471; baseline -0.001 -22"><span class='ocrx_word' id='word_1_108' title='bbox 123 2374 284 2471; x_wconf 87' lang='lat' dir='ltr'>Agmina</span> <span class='ocrx_word' id='word_1_109' title='bbox 300 2372 492 2469; x_wconf 68' lang='lat' dir='ltr'>tolluntur,</span> <span class='ocrx_word' id='word_1_110' title='bbox 512 2371 635 2447; x_wconf 83' lang='lat' dir='ltr'>Sancti</span> <span class='ocrx_word' id='word_1_111' title='bbox 653 2373 881 2448; x_wconf 89' lang='lat' dir='ltr'>venientibus</span> <span class='ocrx_word' id='word_1_112' title='bbox 899 2399 983 2448; x_wconf 90' lang='lat' dir='ltr'>ecce</span> 
     </span>
     <span class='ocr_line' id='line_1_20' title="bbox 125 2487 1021 2581; baseline -0.001 -16"><span class='ocrx_word' id='word_1_113' title='bbox 125 2490 329 2565; x_wconf 90' lang='lat' dir='ltr'>Occurrunt</span> <span class='ocrx_word' id='word_1_114' title='bbox 346 2488 488 2581; x_wconf 86' lang='lat' dir='ltr'>hilares,</span> <span class='ocrx_word' id='word_1_115' title='bbox 508 2487 661 2573; x_wconf 86' lang='lat' dir='ltr'>fratrum</span> <span class='ocrx_word' id='word_1_116' title='bbox 680 2516 718 2564; x_wconf 87' lang='lat' dir='ltr'>se</span> <span class='ocrx_word' id='word_1_117' title='bbox 735 2515 834 2580; x_wconf 81' lang='lat' dir='ltr'>more</span> <span class='ocrx_word' id='word_1_118' title='bbox 853 2488 1021 2564; x_wconf 89' lang='lat' dir='ltr'>salutant.</span> 
     </span>
     <span class='ocr_line' id='line_1_21' title="bbox 124 2604 988 2704; baseline -0.001 -24"><span class='ocrx_word' id='word_1_119' title='bbox 124 2607 183 2680; x_wconf 87' lang='lat' dir='ltr'>Ex</span> <span class='ocrx_word' id='word_1_120' title='bbox 201 2633 270 2703; x_wconf 91' lang='lat' dir='ltr'>quo</span> <span class='ocrx_word' id='word_1_121' title='bbox 288 2616 394 2704; x_wconf 88' lang='lat' dir='ltr'>porta</span> <span class='ocrx_word' id='word_1_122' title='bbox 410 2615 512 2702; x_wconf 90' lang='lat' dir='ltr'>patet</span> <span class='ocrx_word' id='word_1_123' title='bbox 531 2604 633 2697; x_wconf 88' lang='lat' dir='ltr'>coeli,</span> <span class='ocrx_word' id='word_1_124' title='bbox 655 2605 706 2680; x_wconf 91' lang='lat' dir='ltr'>sic</span> <span class='ocrx_word' id='word_1_125' title='bbox 724 2605 798 2678; x_wconf 88' lang='lat' dir='ltr'>itur</span> <span class='ocrx_word' id='word_1_126' title='bbox 815 2605 861 2678; x_wconf 91' lang='lat' dir='ltr'>ad</span> <span class='ocrx_word' id='word_1_127' title='bbox 880 2617 988 2701; x_wconf 84' lang='lat' dir='ltr'>astra,</span> 
     </span>
     <span class='ocr_line' id='line_1_22' title="bbox 124 2719 1047 2817; baseline -0.002 -22"><span class='ocrx_word' id='word_1_128' title='bbox 124 2722 251 2797; x_wconf 89' lang='lat' dir='ltr'>Donec</span> <span class='ocrx_word' id='word_1_129' title='bbox 270 2748 411 2796; x_wconf 88' lang='lat' dir='ltr'>summa</span> <span class='ocrx_word' id='word_1_130' title='bbox 428 2721 505 2796; x_wconf 87' lang='lat' dir='ltr'>dies</span> <span class='ocrx_word' id='word_1_131' title='bbox 522 2719 616 2796; x_wconf 87' lang='lat' dir='ltr'>ferro</span> <span class='ocrx_word' id='word_1_132' title='bbox 633 2730 670 2796; x_wconf 90' lang='lat' dir='ltr'>et</span> <span class='ocrx_word' id='word_1_133' title='bbox 686 2719 922 2817; x_wconf 89' lang='lat' dir='ltr'>compagibus</span> <span class='ocrx_word' id='word_1_134' title='bbox 940 2721 1047 2796; x_wconf 88' lang='lat' dir='ltr'>arctis</span> 
     </span>
     <span class='ocr_line' id='line_1_23' title="bbox 126 2837 608 2934; baseline 0 -24"><span class='ocrx_word' id='word_1_135' title='bbox 126 2837 295 2912; x_wconf 90' lang='lat' dir='ltr'>Bissenas</span> <span class='ocrx_word' id='word_1_136' title='bbox 312 2837 462 2911; x_wconf 86' lang='lat' dir='ltr'>claudat</span> <span class='ocrx_word' id='word_1_137' title='bbox 474 2847 608 2934; x_wconf 89' lang='lat' dir='ltr'>portas.</span> 
     </span>
    </p>

    <p class='ocr_par' dir='ltr' id='par_1_4' title="bbox 122 2951 1207 4323">
     <span class='ocr_line' id='line_1_24' title="bbox 224 2951 659 3050; baseline -0.002 -24"><span class='ocrx_word' id='word_1_138' title='bbox 224 2951 296 3050; x_wconf 86' lang='lat' dir='ltr'>(A).</span> <span class='ocrx_word' id='word_1_139' title='bbox 316 2953 400 3027; x_wconf 90' lang='lat' dir='ltr'>Non</span> <span class='ocrx_word' id='word_1_140' title='bbox 418 2979 477 3026; x_wconf 91' lang='lat' dir='ltr'>ore</span> <span class='ocrx_word' id='word_1_141' title='bbox 495 2952 659 3048; x_wconf 88' lang='lat' dir='ltr'>magistri</span> 
     </span>
     <span class='ocr_line' id='line_1_25' title="bbox 124 3067 1059 3165; baseline -0.002 -23"><span class='ocrx_word' id='word_1_142' title='bbox 124 3067 305 3142; x_wconf 87' lang='lat' dir='ltr'>Erudiunt</span> <span class='ocrx_word' id='word_1_143' title='bbox 323 3094 454 3164; x_wconf 90' lang='lat' dir='ltr'>pueros</span> <span class='ocrx_word' id='word_1_144' title='bbox 475 3067 607 3160; x_wconf 83' lang='lat' dir='ltr'>Sancti,</span> <span class='ocrx_word' id='word_1_145' title='bbox 627 3093 697 3141; x_wconf 90' lang='lat' dir='ltr'>non</span> <span class='ocrx_word' id='word_1_146' title='bbox 716 3079 836 3142; x_wconf 89' lang='lat' dir='ltr'>castra</span> <span class='ocrx_word' id='word_1_147' title='bbox 854 3079 1059 3165; x_wconf 86' lang='lat' dir='ltr'>sequuntur,</span> 
     </span>
     <span class='ocr_line' id='line_1_26' title="bbox 124 3182 1146 3282; baseline 0 -24"><span class='ocrx_word' id='word_1_148' title='bbox 124 3184 209 3258; x_wconf 91' lang='lat' dir='ltr'>Non</span> <span class='ocrx_word' id='word_1_149' title='bbox 226 3182 309 3258; x_wconf 88' lang='lat' dir='ltr'>lites</span> <span class='ocrx_word' id='word_1_150' title='bbox 328 3183 508 3276; x_wconf 91' lang='lat' dir='ltr'>dirimunt,</span> <span class='ocrx_word' id='word_1_151' title='bbox 527 3210 599 3258; x_wconf 93' lang='lat' dir='ltr'>non</span> <span class='ocrx_word' id='word_1_152' title='bbox 617 3184 733 3280; x_wconf 89' lang='lat' dir='ltr'>aegris</span> <span class='ocrx_word' id='word_1_153' title='bbox 751 3183 947 3281; x_wconf 90' lang='lat' dir='ltr'>pharmaca</span> <span class='ocrx_word' id='word_1_154' title='bbox 964 3184 1146 3282; x_wconf 89' lang='lat' dir='ltr'>praebent,</span> 
     </span>
     <span class='ocr_line' id='line_1_27' title="bbox 123 3299 1150 3396; baseline 0.001 -23"><span class='ocrx_word' id='word_1_155' title='bbox 123 3299 208 3374; x_wconf 91' lang='lat' dir='ltr'>Non</span> <span class='ocrx_word' id='word_1_156' title='bbox 226 3311 394 3374; x_wconf 74' lang='lat' dir='ltr'>coemunt</span> <span class='ocrx_word' id='word_1_157' title='bbox 412 3325 559 3392; x_wconf 90' lang='lat' dir='ltr'>merces,</span> <span class='ocrx_word' id='word_1_158' title='bbox 580 3325 652 3372; x_wconf 91' lang='lat' dir='ltr'>non</span> <span class='ocrx_word' id='word_1_159' title='bbox 671 3299 836 3373; x_wconf 89' lang='lat' dir='ltr'>scindunt</span> <span class='ocrx_word' id='word_1_160' title='bbox 854 3327 997 3374; x_wconf 88' lang='lat' dir='ltr'>vomere</span> <span class='ocrx_word' id='word_1_161' title='bbox 1016 3299 1150 3396; x_wconf 76' lang='lat' dir='ltr'>glebae,</span> 
     </span>
     <span class='ocr_line' id='line_1_28' title="bbox 123 3415 1104 3513; baseline -0.001 -23"><span class='ocrx_word' id='word_1_162' title='bbox 123 3415 207 3490; x_wconf 89' lang='lat' dir='ltr'>Non</span> <span class='ocrx_word' id='word_1_163' title='bbox 225 3426 378 3511; x_wconf 87' lang='lat' dir='ltr'>pascunt</span> <span class='ocrx_word' id='word_1_164' title='bbox 396 3441 519 3510; x_wconf 89' lang='lat' dir='ltr'>agnos,</span> <span class='ocrx_word' id='word_1_165' title='bbox 539 3442 610 3490; x_wconf 93' lang='lat' dir='ltr'>non</span> <span class='ocrx_word' id='word_1_166' title='bbox 630 3415 774 3490; x_wconf 89' lang='lat' dir='ltr'>sulcant</span> <span class='ocrx_word' id='word_1_167' title='bbox 791 3442 948 3513; x_wconf 88' lang='lat' dir='ltr'>aequora</span> <span class='ocrx_word' id='word_1_168' title='bbox 964 3426 1104 3507; x_wconf 79' lang='lat' dir='ltr'>nautae,</span> 
     </span>
     <span class='ocr_line' id='line_1_29' title="bbox 123 3530 1207 3627; baseline 0.002 -23"><span class='ocrx_word' id='word_1_169' title='bbox 123 3530 209 3605; x_wconf 88' lang='lat' dir='ltr'>Non</span> <span class='ocrx_word' id='word_1_170' title='bbox 227 3541 403 3627; x_wconf 89' lang='lat' dir='ltr'>quaerunt</span> <span class='ocrx_word' id='word_1_171' title='bbox 419 3557 594 3624; x_wconf 88' lang='lat' dir='ltr'>nummos,</span> <span class='ocrx_word' id='word_1_172' title='bbox 614 3557 686 3605; x_wconf 91' lang='lat' dir='ltr'>non</span> <span class='ocrx_word' id='word_1_173' title='bbox 705 3531 871 3627; x_wconf 89' lang='lat' dir='ltr'>plectunt</span> <span class='ocrx_word' id='word_1_174' title='bbox 889 3531 1040 3604; x_wconf 87' lang='lat' dir='ltr'>crimina</span> <span class='ocrx_word' id='word_1_175' title='bbox 1057 3531 1207 3607; x_wconf 89' lang='lat' dir='ltr'>sontis...</span> 
     </span>
     <span class='ocr_line' id='line_1_30' title="bbox 123 3646 1084 3745; baseline 0 -25"><span class='ocrx_word' id='word_1_176' title='bbox 123 3647 247 3721; x_wconf 93' lang='lat' dir='ltr'>Prima</span> <span class='ocrx_word' id='word_1_177' title='bbox 264 3646 418 3720; x_wconf 66' lang='lat' dir='ltr'>abiere...</span> <span class='ocrx_word' id='word_1_178' title='bbox 438 3659 574 3723; x_wconf 90' lang='lat' dir='ltr'>canunt</span> <span class='ocrx_word' id='word_1_179' title='bbox 592 3647 737 3723; x_wconf 91' lang='lat' dir='ltr'>sociatis</span> <span class='ocrx_word' id='word_1_180' title='bbox 756 3648 904 3723; x_wconf 89' lang='lat' dir='ltr'>vocibus</span> <span class='ocrx_word' id='word_1_181' title='bbox 922 3648 1084 3745; x_wconf 83' lang='lat' dir='ltr'>hymnos.</span> 
     </span>
     <span class='ocr_line' id='line_1_31' title="bbox 124 3762 1091 3859; baseline 0.002 -24"><span class='ocrx_word' id='word_1_182' title='bbox 124 3762 230 3855; x_wconf 84' lang='lat' dir='ltr'>Quot,</span> <span class='ocrx_word' id='word_1_183' title='bbox 252 3773 408 3859; x_wconf 86' lang='lat' dir='ltr'>quantae</span> <span class='ocrx_word' id='word_1_184' title='bbox 426 3764 552 3837; x_wconf 87' lang='lat' dir='ltr'>vocesi</span> <span class='ocrx_word' id='word_1_185' title='bbox 573 3763 680 3838; x_wconf 87' lang='lat' dir='ltr'>Tanti</span> <span class='ocrx_word' id='word_1_186' title='bbox 699 3764 944 3838; x_wconf 88' lang='lat' dir='ltr'>modulamina</span> <span class='ocrx_word' id='word_1_187' title='bbox 962 3775 1091 3838; x_wconf 89' lang='lat' dir='ltr'>cantus</span> 
     </span>
     <span class='ocr_line' id='line_1_32' title="bbox 122 3877 1075 3975; baseline 0.002 -25"><span class='ocrx_word' id='word_1_188' title='bbox 122 3879 243 3950; x_wconf 85' lang='lat' dir='ltr'>Aurea</span> <span class='ocrx_word' id='word_1_189' title='bbox 260 3903 331 3951; x_wconf 90' lang='lat' dir='ltr'>non</span> <span class='ocrx_word' id='word_1_190' title='bbox 350 3878 501 3975; x_wconf 88' lang='lat' dir='ltr'>capiunt</span> <span class='ocrx_word' id='word_1_191' title='bbox 517 3877 714 3972; x_wconf 89' lang='lat' dir='ltr'>hominum,</span> <span class='ocrx_word' id='word_1_192' title='bbox 735 3879 925 3954; x_wconf 89' lang='lat' dir='ltr'>concordia</span> <span class='ocrx_word' id='word_1_193' title='bbox 943 3905 1075 3953; x_wconf 86' lang='lat' dir='ltr'>vocum</span> 
     </span>
     <span class='ocr_line' id='line_1_33' title="bbox 122 3992 892 4086; baseline 0.005 -21"><span class='ocrx_word' id='word_1_194' title='bbox 122 3992 239 4086; x_wconf 86' lang='lat' dir='ltr'>Felix,</span> <span class='ocrx_word' id='word_1_195' title='bbox 260 4003 297 4068; x_wconf 94' lang='lat' dir='ltr'>et</span> <span class='ocrx_word' id='word_1_196' title='bbox 315 3994 424 4068; x_wconf 82' lang='lat' dir='ltr'>variis</span> <span class='ocrx_word' id='word_1_197' title='bbox 443 3993 593 4068; x_wconf 88' lang='lat' dir='ltr'>effusum</span> <span class='ocrx_word' id='word_1_198' title='bbox 612 3996 763 4070; x_wconf 89' lang='lat' dir='ltr'>vocibus</span> <span class='ocrx_word' id='word_1_199' title='bbox 783 4022 892 4069; x_wconf 91' lang='lat' dir='ltr'>unum</span> 
     </span>
     <span class='ocr_line' id='line_1_34' title="bbox 123 4107 1027 4208; baseline 0.006 -25"><span class='ocrx_word' id='word_1_200' title='bbox 123 4107 278 4183; x_wconf 78' lang='lat' dir='ltr'>Carmen</span> <span class='ocrx_word' id='word_1_201' title='bbox 296 4109 333 4182; x_wconf 90' lang='lat' dir='ltr'>in</span> <span class='ocrx_word' id='word_1_202' title='bbox 351 4109 527 4184; x_wconf 88' lang='lat' dir='ltr'>aethereis</span> <span class='ocrx_word' id='word_1_203' title='bbox 543 4109 720 4184; x_wconf 89' lang='lat' dir='ltr'>coelorum</span> <span class='ocrx_word' id='word_1_204' title='bbox 738 4123 908 4208; x_wconf 86' lang='lat' dir='ltr'>personat</span> <span class='ocrx_word' id='word_1_205' title='bbox 926 4113 1027 4206; x_wconf 88' lang='lat' dir='ltr'>aulis,</span> 
     </span>
     <span class='ocr_line' id='line_1_35' title="bbox 124 4221 1002 4323; baseline 0.007 -26"><span class='ocrx_word' id='word_1_206' title='bbox 124 4221 397 4322; x_wconf 85' lang='lat' dir='ltr'>Spirituumque</span> <span class='ocrx_word' id='word_1_207' title='bbox 415 4226 531 4323; x_wconf 90' lang='lat' dir='ltr'>replet</span> <span class='ocrx_word' id='word_1_208' title='bbox 548 4227 638 4301; x_wconf 87' lang='lat' dir='ltr'>mira</span> <span class='ocrx_word' id='word_1_209' title='bbox 657 4227 847 4302; x_wconf 89' lang='lat' dir='ltr'>dulcedine</span> <span class='ocrx_word' id='word_1_210' title='bbox 866 4255 1002 4304; x_wconf 82' lang='lat' dir='ltr'>sensus</span> 
     </span>
    </p>
   </div>
   <div class='ocr_carea' id='block_1_3' title="bbox 0 0 1492 4738">
    <p class='ocr_par' dir='ltr' id='par_1_5' title="bbox 0 0 1492 4738">
     <span class='ocr_line' id='line_1_36' title="bbox 0 0 1492 4738; baseline 0 0"><span class='ocrx_word' id='word_1_211' title='bbox 0 0 1492 4738; x_wconf 95' lang='lat' dir='ltr'> </span> 
     </span>
    </p>
   </div>
  </div>
 </body>
</html>
