2968 4732
545 263 662 320 meaa
697 261 875 333 cunarus

575 767 678 843 ODE
704 767 845 842 XXIV.

565 1051 856 1127 numereris.

123 1338 289 1393 Herculem
301 1355 384 1408 penus
396 1355 449 1391 rum
462 1339 569 1404 ejicitur
581 1339 636 1391 nisi
643 1354 696 1408 per
707 1341 852 1392 orationem
864 1345 888 1390 et
897 1339 1040 1404 jejunium.
1053 1337 1165 1406 (matth.
1181 1337 1221 1406 17,
1237 1336 1295 1405 20).

183 1605 290 1681 Vana
307 1605 404 1680 salus
422 1605 642 1681 hominis-
660 1631 873 1704 quaeramus
892 1631 1014 1681 amore
1032 1605 1197 1702 salutern,

281 1721 331 1795 Et
348 1721 513 1818 precibus
531 1747 744 1819 quaeramus
761 1747 928 1813 amorem,

184 1837 235 1910 Et
252 1837 422 1934 precibus
439 1835 605 1912 foveatur
623 1863 737 1932 am0r3
756 1847 856 1911 caret
873 1837 957 1932 igne
975 1831 1133 1933 lucerna,

283 1952 385 2043 Quae
403 1977 511 2028 succo
528 1951 696 2028 viduetur
715 1951 840 2045 olivae,

183 2067 351 2143 Flamma
368 2068 524 2165 resurgit
540 2093 654 2142 ovans
670 2067 789 2144 infusa
807 2066 966 2164 Pallade,
984 2068 1102 2144 noctis

283 2182 373 2280 Igne
390 2209 485 2258 novo
502 2182 705 2280 dispellitur
722 2183 860 2259 umbra.

186 2297 259 2374 Sed
277 2298 370 2374 lucis
386 2299 515 2374 metire
532 2299 676 2397 gradus,
696 2298 852 2374 nutritur
869 2299 983 2393 olivis,

283 2415 365 2489 Lux
381 2414 500 2512 potior
517 2414 653 2489 nutrita
670 2413 807 2511 liquore

185 2529 385 2625 Petrarum,
405 2530 537 2606 electro
554 2541 726 2627 generata
743 2531 784 2606 fit
801 2532 943 2607 aemula
960 2532 1055 2626 solis,

283 2646 382 2744 Ergo
401 2645 497 2721 salus
515 2647 719 2743 quaerenda
737 2647 865 2721 dolore.

187 2761 304 2837 Crede
322 2761 420 2854 mihi,
440 2762 559 2856 frater,
579 2763 769 2860 pariuntur
785 2763 920 2861 gaudia
935 2763 1031 2857 fletu,

284 2877 367 2953 Flet
383 2889 507 2972 mater,
528 2879 591 2953 sed
608 2879 766 2954 nascitur
783 2879 910 2971 infans,

187 2994 328 3070 Herses
344 2993 476 3069 flevere
493 2993 564 3087 diu,
582 2987 764 3070 laetantur
781 2995 817 3067 in
836 3021 974 3085 aevum,

286 3108 438 3207 Semper
455 3109 524 3184 erit
540 3109 684 3186 virtutis
702 3110 801 3206 origo

186 3225 376 3323 Lacryma,
397 3251 538 3322 semper
556 3226 623 3300 erit
640 3224 756 3300 cordis
774 3225 888 3300 tutela
905 3224 999 3299 fideli
1005 3250 1031 3298 e.

286 3342 340 3419 Ut
358 3353 509 3436 constat,
531 3342 777 3439 splendescere
796 3340 927 3433 lunam,

186 3459 299 3532 Astra
314 3458 447 3534 micare
464 3459 559 3557 pulc,
578 3457 719 3532 coelum
736 3467 938 3553 terramque
955 3453 1101 3547 moveri,

286 3574 335 3648 Et
352 3573 496 3650 nivibus
513 3585 719 3670 turgescere
737 3581 886 3663 mentes,

189 3690 239 3765 Et
255 3691 359 3767 fleres
377 3691 496 3767 varios
513 3689 625 3764 hortis
643 3687 886 3788 fragrantibus
904 3686 970 3777 edi,

285 3808 335 3883 Et
352 3807 487 3882 Boreas
504 3817 710 3903 pervertere
728 3830 882 3899 campos,

188 3926 337 4023 Augen,
356 3923 469 3998 minui
486 3923 646 4021 pelagus,
667 3921 890 3997 frondescere
909 3917 1038 4016 sylvas,

287 4042 337 4117 Et
355 4066 495 4115 vermes
513 4038 598 4112 dare
616 4036 731 4111 serica
748 4035 844 4111 fila...

188 4157 301 4234 Haud
319 4182 420 4232 secus
438 4165 578 4229 atroces
595 4151 660 4227 tibi
678 4151 780 4227 lucra
796 4151 921 4227 tulisse
939 4150 1091 4246 dolores,

195 4255 199 4258 .
288 4273 337 4346 Et
353 4297 522 4345 mansura
538 4268 665 4343 tulisse
683 4280 873 4342 memento.
