2930 4734
184 171 240 226 414
662 179 875 235 CARMINUM

188 368 236 444 Se
256 367 402 442 viduam
419 365 519 458 dixit,
540 365 661 462 pueris
680 392 718 440 se
736 391 886 462 poscere
904 393 1043 464 panem,

187 483 257 560 Oui
276 510 406 581 panem
423 491 634 578 vestemque
650 480 768 555 dedi...
789 481 987 557 miserabar
1005 483 1158 580 egentis.

290 596 412 696 Pepla,
432 595 556 689 stolae,
576 595 694 694 pallae
712 596 801 670 mihi
819 607 912 689 sunt,
933 624 1146 696 semperque
1164 598 1277 692 fuere,

195 714 345 812 Semper
362 723 502 788 erunt...
522 724 606 788 sunt
623 712 716 787 dona
733 712 837 788 Dei...
857 713 902 788 do
920 740 1070 789 munera
1088 714 1248 810 laudum,

189 830 259 922 Qui
278 828 390 904 linum
408 828 501 922 fecit,
522 827 582 926 qui
600 827 688 903 fecit
706 827 821 904 serica
838 827 910 904 fila.

189 945 286 1020 Hinc
305 942 428 1043 procul
447 943 587 1018 anobis
604 969 740 1026 vesana
757 943 927 1041 superbia
944 971 1120 1043 semper...

189 1061 262 1152 Qut
279 1069 419 1135 tumeat
436 1085 583 1157 pauper,
605 1057 771 1156 donoqne
789 1059 975 1156 superbiat
992 1063 1141 1136 amens?

189 1177 377 1250 Exornant
394 1201 526 1272 corpus
542 1185 668 1271 turpes
687 1175 763 1249 sine
780 1173 862 1271 lege
880 1171 1023 1272 puellae

190 1292 424 1370 Immemores
442 1289 540 1364 leti...
560 1289 769 1387 glomeratis
786 1289 970 1372 vermibus
987 1317 1072 1366 esca

189 1409 332 1505 Corpus
349 1407 426 1499 erit,
445 1406 585 1482 cineres
601 1405 742 1481 tumulo
759 1406 958 1482 condentur
976 1417 1013 1486 et
1030 1434 1122 1488 ossa.

285 1523 353 1618 (J.)
371 1523 407 1596 N
410 1522 486 1598 obis
504 1522 625 1619 ampla
642 1521 780 1618 domus,
798 1522 903 1597 nobis
921 1521 1110 1598 conclavia
1126 1523 1252 1616 multa,

190 1640 240 1714 Et
257 1638 343 1714 lecti
362 1636 498 1730 molles,
518 1661 745 1735 mensaeque,
766 1637 894 1714 sedilia
910 1639 1059 1735 passim,

193 1754 345 1852 Scrinia,
365 1763 448 1828 sunt
466 1752 550 1827 altis
568 1779 745 1849 suspensa
762 1752 891 1827 aulaea
908 1753 1084 1851 l'enestriS,

191 1869 306 1945 Index
322 1869 501 1959 horarum,
520 1865 650 1964 lychni,
670 1866 850 1965 fulgentia
867 1894 966 1944 vasa.

290 1983 363 2083 (V.)
384 1983 547 2058 Humida
564 1996 647 2058 sunt
664 1983 805 2058 miseris
822 1997 978 2080 angusta
994 1984 1160 2082 mapalia,
1183 1984 1278 2062 dono

192 2101 304 2176 Lucis
322 2111 440 2198 egent,
460 2098 697 2197 habitantque
716 2098 823 2174 simul
841 2126 925 2175 cum
943 2099 1042 2197 prole
1060 2111 1240 2197 parentes.

193 2217 292 2290 Dant
309 2215 441 2292 lectum
459 2215 615 2308 tabulae,
636 2215 723 2290 dant
740 2217 913 2291 stramina
929 2215 1074 2294 condita
1092 2242 1210 2309 sacco,

194 2330 401 2407 Linteolum
419 2331 586 2425 lacerum,
605 2357 671 2406 nec
690 2330 826 2428 frigora
842 2331 979 2410 culcita
996 2331 1110 2430 pellit.
1133 2377 1140 2392 ι

191 2449 312 2547 Saepe
330 2475 434 2523 casae
452 2448 592 2541 desunt,
611 2447 838 2545 recubatque
857 2447 923 2522 sub
941 2447 1067 2524 arbore
1077 2437 1239 2546 'paupert

285 2563 359 2658 (R.)
373 2563 563 2660 Novimus,
578 2563 650 2639 hou
667 2589 800 2661 paucos
818 2563 974 2638 Domino
992 2562 1197 2662 persolvere
1216 2575 1351 2661 grates.

188 2680 303 2755 Dives
321 2679 410 2776 avis,
429 2679 595 2772 nummis,
616 2680 712 2776 agris
730 2678 950 2775 (miserabile
969 2678 1094 2772 dictu),

189 2797 261 2888 Qui
278 2797 387 2872 toties
405 2823 470 2872 sua
488 2807 603 2872 strata
620 2797 715 2895 petit
732 2797 913 2893 totiesque
930 2793 1108 2893 relinquit,

190 2913 274 2986 Non
290 2913 454 2990 meminit
472 2912 629 2988 Domini.
648 2912 733 2990 Non
751 2911 802 2986 illi
822 2911 985 3008 Virginis
1002 2910 1092 3005 icon,

192 3025 446 3124 Funereaeque
463 3029 591 3122 crucis,
611 3055 703 3127 quae
721 3027 896 3125 sanguine
914 3027 1066 3102 crimina
1082 3025 1182 3120 lavit,

195 3134 306 3208 Nulla
323 3139 389 3211 viri
406 3142 516 3238 fortis,
536 3145 597 3243 qui
615 3143 789 3220 mundum
806 3142 906 3235 vicit,
926 3142 1055 3239 imago,

199 3246 350 3324 Nullum
367 3279 430 3328 vas
448 3257 509 3357 illi,
529 3259 625 3358 quod
642 3285 779 3336 sacram
797 3258 957 3334 continet
974 3258 1117 3332 undam.

195 3359 267 3436 Hic
284 3373 402 3441 tamen
420 3384 475 3447 est
493 3375 686 3450 Croesus...
703 3374 835 3449 circum
854 3399 920 3447 sua
937 3371 1073 3448 lumina
1091 3373 1244 3448 volvens

196 3475 368 3556 Subridet
384 3487 496 3583 vultu,
516 3491 688 3566 mendax:
708 3488 812 3565 Haec
831 3488 951 3562 omnia
969 3489 1042 3564 late

194 3589 289 3668 Sunt
306 3622 419 3674 mea...
439 3603 525 3680 dicit
543 3633 665 3681 ovans.
686 3605 810 3680 Potior
828 3605 916 3678 mihi
935 3605 1093 3679 rusticus
1110 3604 1302 3703 (inquam),

191 3706 321 3784 Nudus
339 3738 457 3811 opum,
477 3720 539 3794 sed
556 3723 663 3795 corde
680 3720 812 3818 calens,
832 3721 892 3818 qui
909 3745 1043 3794 numen
1061 3719 1197 3794 adorat.

287 3823 351 3910 (d.)
370 3827 499 3908 Nonne
517 3861 627 3911 canes
645 3836 779 3935 domini
797 3862 943 3933 gressus
967 3835 1185 3913 comitantur
1210 3836 1354 3912 euntis?
1447 3911 1448 3916 ,

189 3937 320 4016 Nonne
337 3959 484 4022 movent
501 3951 648 4044 caudas,
669 3951 848 4026 Dominus
866 3951 895 4026 si
913 3951 1084 4049 praebeat
1101 3955 1250 4027 escam?

189 4052 289 4130 Ecce
308 4083 417 4135 canes
434 4065 571 4140 ratione
590 4079 749 4143 carent...
761 4067 906 4159 ,ratione
925 4067 1063 4164 potitur

191 4169 385 4251 Croesus...
404 4179 511 4254 corda
528 4181 656 4278 rigent,
677 4194 714 4260 et
732 4193 877 4281 pectora
895 4182 1033 4258 ferreus
1051 4181 1163 4256 ambit
