2968 4732
518 222 639 277 ursus
672 221 851 292 suenrus

312 409 460 485 Excitat
477 407 596 484 cordis
613 408 713 484 Deus
731 437 824 485 unus
841 412 953 509 ignes,
985 479 987 486 .

312 527 349 600 N
351 525 438 600 utrit
455 524 522 599 hos
540 525 646 619 idem,
666 553 862 623 generosus
880 529 983 603 offert

171 677 175 684 ·
313 641 462 716 Gratiae
481 641 624 737 donum,
643 642 833 740 calefitque
852 657 974 720 sancto

702 759 837 833 Pectus
855 787 985 834 amore.

312 991 386 1065 Dat
403 991 609 1072 sacerdotes
626 990 741 1065 bonus
758 991 819 1096 ille
839 992 967 1067 Pastor

243 1159 249 1168 -
312 1106 362 1180 Et
380 1107 481 1203 pium
498 1116 638 1203 patrem
654 1106 875 1204 uigilemque
893 1118 1056 1200 matrem,

312 1221 397 1318 Ipse
416 1222 610 1302 datsese...
632 1222 773 1319 potiora
791 1222 885 1300 dona

703 1337 792 1428 Quis
811 1337 902 1412 ferat
920 1343 1100 1436 unquam?

311 1570 442 1644 Arbori
461 1570 521 1644 lex
539 1582 603 1663 est,
625 1569 831 1644 dominatur
848 1597 934 1644 una:

312 1685 381 1760 Est
398 1685 505 1759 homo
523 1684 623 1778 liber,
645 1686 807 1783 sequitur
824 1697 1030 1762 moventem

314 1801 461 1900 Sponte,
481 1801 686 1875 cordurum
704 1801 859 1875 Domino
877 1801 1034 1876 trahenti

703 1915 840 2014 Sponte
858 1917 1003 1991 resistit.

312 2146 435 2220 Robur
451 2145 489 2219 in
505 2155 644 2241 truncO,
662 2144 824 2219 rabidam
842 2145 1035 2242 procellam

311 2259 435 2334 Vincit
451 2259 612 2346 illaesus:
633 2260 762 2335 fremat
782 2288 866 2334 acer
879 2261 1002 2354 hostis,

311 2376 380 2450 Est
398 2403 498 2450 amor
514 2376 626 2470 fortis,
648 2375 776 2474 clypeo
794 2376 955 2450 retundit

701 2491 899 2566 Daemonis
916 2491 1019 2566 ictus.

311 2723 463 2798 Arboris
480 2734 605 2798 trunco
623 2734 929 2821 generantur'uno

195 2855 199 2864 '
312 2840 462 2914 Plurimi
480 2839 585 2913 rami:
604 2839 700 2937 perit
718 2866 789 2914 una
806 2849 921 2913 mater

312 2955 465 3051 Caritas7
485 2953 606 3052 plures
625 2954 788 3028 oriuntur
805 2981 877 3028 une

704 3069 824 3167 Stirpe
843 3095 992 3145 sorores.

310 3302 505 3378 Fructibus
522 3301 612 3377 rami
630 3302 852 3397 decorantur,
871 3301 966 3375 idem

311 3421 381 3496 Est
397 3419 494 3495 color
512 3419 650 3495 cunctis
668 3418 863 3516 parilisque
880 3417 1008 3492 forma:

311 3537 365 3611 Ar
383 3536 501 3610 ferunt
519 3535 636 3610 almae
654 3535 754 3609 vario
772 3533 894 3608 labore

703 3649 824 3724 Lucra
842 3675 991 3724 sorores.

313 3884 418 3958 Haec
435 3909 563 3980 preces
581 3881 713 3978 fundit3
733 3880 801 3955 luit
817 3879 881 3954 illa
897 3906 1041 3978 poenas,

313 4001 365 4075 Et
383 4011 505 4074 secant
522 4011 682 4098 pontum,
703 3998 945 4097 gregibusque
963 4010 1147 4096 praesunt

313 4115 488 4190 Imbuunt
505 4125 654 4207 mentes,
674 4115 884 4190 relevantve
903 4113 1056 4210 morbos,

665 4230 798 4305 ¹Jura
816 4239 973 4302 tuentur.
1049 4303 1051 4307 ,
1116 4265 1118 4272 >
