3040 4732
634 281 858 338 GARMINUM.

315 469 391 544 Sim
410 470 555 568 dignus3
574 471 635 544 uni
654 471 808 546 serviam
826 470 905 544 Deo
922 495 1013 563 me0,

410 585 460 660 Et
478 585 665 661 serviendo
681 613 745 661 rex
764 585 840 661 erol

314 700 362 776 Se
380 701 511 778 liberos
528 701 630 777 stulti
648 713 787 800 putant,
808 700 869 800 qui
886 700 1032 778 vinculo

410 816 488 892 Diri
505 828 673 893 tenentur
690 818 864 915 criminis3

311 933 463 1027 Ancilla,
485 933 547 1008 sed
565 934 727 1032 Regina!
748 933 805 1009 fac
826 960 967 1031 semper
986 931 1099 1031 (rogo)

410 1049 593 1124 Recorder
611 1050 768 1126 auctoris
785 1050 867 1125 mei.

313 1164 414 1255 Quae
432 1176 529 1240 meta
548 1165 595 1240 sit
612 1165 711 1240 cordi
728 1192 818 1259 meo,
838 1165 907 1240 nisi
926 1166 1065 1242 Pater?

411 1280 483 1356 Cor
500 1307 593 1356 unus
611 1281 772 1379 explebit
790 1281 912 1356 Deus!

312 1395 395 1470 Non
412 1396 554 1494 pondus
571 1397 647 1471 auri
666 1423 834 1494 quaero..
853 1396 939 1471 dum
956 1395 1091 1494 loquor,
1111 1395 1208 1495 fugit

410 1512 491 1587 Hoc
508 1523 652 1610 tempus
670 1513 742 1588 heu
759 1513 1030 1589 brevissimum!

312 1627 431 1702 Parvo
449 1627 562 1704 salino
581 1630 666 1727 quid
683 1629 853 1705 beatius?
869 1629 992 1728 placet

411 1743 511 1819 Onus
528 1745 657 1821 viatori
675 1745 776 1821 level

280 1867 284 1880 '
312 1857 443 1933 Nullos
460 1859 613 1936 honores
631 1873 811 1960 appetam,
831 1861 992 1961 pericula

348 2033 351 2040 .
410 1973 504 2050 Sunt
519 1977 644 2052 mortis
661 1989 838 2072 aeternae,
859 1977 933 2054 cito

312 2089 470 2187 Vaporis
487 2092 599 2167 instar
617 2093 877 2184 subtrahuntur
894 2093 1029 2186 lumini,

409 2207 542 2282 Latere
560 2208 608 2283 sit
625 2235 734 2284 curae
751 2209 861 2284 mihil

305 2322 438 2397 'Multis
455 2323 599 2417 cavebo,
620 2324 705 2399 dum
725 2325 857 2419 licebit,
878 2325 1033 2424 impiger

410 2438 530 2514 Labor
548 2441 771 2516 sacerdotem
790 2441 918 2518 decet!

312 2555 419 2630 Malis
437 2555 596 2633 abundat
613 2558 698 2651 vita,
720 2557 823 2634 dulce
841 2558 889 2632 sit
906 2558 997 2656 pati3

313 2693 314 2696 ’
411 2671 578 2747 Christus
596 2673 770 2771 pependit
787 2674 823 2748 in
840 2674 965 2750 cruce!
1067 2695 1069 2702 ’

242 2776 246 2785 ’
312 2788 366 2863 Te
383 2815 507 2864 mucro
525 2789 702 2887 perfoditl
724 2790 886 2866 Rosasne
904 2789 987 2865 dem
1005 2790 1120 2866 comis

410 2903 492 3000 Ego
509 2903 712 2980 nefandus?
728 2905 871 2980 turbine

313 3019 496 3094 Firmatur
512 3019 626 3112 arbos,
647 3019 846 3116 puniuntur
862 3020 936 3113 filii,

412 3136 511 3227 Quos
529 3134 649 3231 diligit
669 3135 776 3210 Pater
793 3135 929 3211 bonus!

313 3251 420 3326 Multi
438 3250 600 3325 feruntur
616 3261 817 3347 praepetes
838 3237 915 3327 cito
928 3263 1052 3350 ruunt,

326 3394 329 3398 ·
411 3365 481 3458 Qui
499 3365 647 3440 dextera
662 3374 796 3439 metam
813 3376 923 3464 tenet,

313 3483 387 3558 Hic
406 3494 462 3559 est
478 3482 625 3556 beatus!
644 3490 684 3555 tu
702 3481 863 3578 rogantis
880 3483 1034 3576 consule,

411 3598 546 3673 Meteri
567 3596 713 3672 saluti...
732 3596 867 3672 funeris

314 3715 507 3792 Certamen
524 3713 698 3809 imminet,
718 3712 870 3810 sagittas
889 3713 1051 3790 cominus
1131 3699 1134 3706 ¹

409 3828 607 3928 Torquebit
623 3829 752 3908 hostis:
771 3829 922 3904 ferream

312 3948 451 4022 Averte
469 3945 668 4043 cuspidem,
687 3945 840 4021 Maria...
858 3953 944 4017 tunc
959 3941 1003 4032 iu,

410 4062 451 4137 Io
467 4060 671 4160 triumphet
697 4061 892 4137 concinam.
