2972 4738
594 221 713 277 LIBER
747 223 893 280 SEXTUS

156 405 241 484 Non
261 435 347 484 auro
366 420 564 506 argentove
582 409 711 506 rigent,
733 409 796 484 sed
814 409 949 484 munda
966 410 1163 486 nitescunt:

156 525 328 600 Consulit
345 553 428 600 ecee
450 525 536 617 Dee,
557 552 682 600 verum
701 525 768 600 sibi
787 537 883 600 tecta
900 538 1063 600 reservat

107 709 109 714 .
157 639 232 715 Vix
251 642 384 715 nostris
404 641 559 733 meliora,
580 641 703 740 placet
720 640 907 716 moderata
925 642 1099 739 supellex,

62 771 65 780 '
159 759 280 834 Parva
296 785 422 856 ponus,
441 758 626 854 geminare
645 783 770 855 preces
788 769 824 833 et
841 759 978 856 grande
997 759 1166 834 volumen

159 875 350 950 Nocturna
369 900 511 948 versare
528 899 638 947 manu
657 899 800 948 versare
818 873 959 972 diurna,
1040 935 1042 943 .
1132 933 1134 946 .

161 991 234 1066 Hic
255 991 349 1088 stipe
368 989 541 1063 continua
559 989 709 1063 miseros
727 989 864 1063 solatur
881 1015 1025 1087 egenos.

160 1107 328 1198 Quantus
346 1105 414 1180 erit
433 1103 563 1198 luctae,
583 1132 693 1203 quum
712 1105 858 1179 tandem
877 1108 1028 1182 cesserit
1046 1108 1178 1202 aevol„

260 1221 339 1321 (Μ.)
360 1221 482 1296 “Rura
498 1221 595 1296 cruci
616 1219 756 1318 (fateor)
775 1248 848 1296 non
866 1233 950 1296 sunt
967 1222 1119 1316 inimica,
1140 1223 1307 1298 sedeone

160 1336 258 1414 Vina
276 1340 415 1428 rubent,
429 1337 656 1435 juvenesque
674 1336 803 1412 bibunt
820 1348 857 1413 et
874 1337 1018 1436 ignibus
1036 1339 1163 1414 ardent

161 1455 246 1530 Non
266 1455 392 1548 saeris,
413 1453 620 1551 sociantque
640 1453 706 1526 sibi
726 1454 801 1528 sine
819 1454 899 1550 lege
917 1455 1067 1552 puellas,

162 1570 427 1668 Offendmrtque
446 1569 576 1643 Deum.
597 1568 770 1644 Referens
787 1581 914 1676 tremo,
933 1570 1086 1668 frigidus
1103 1571 1227 1647 horror

161 1688 327 1762 Membra
344 1686 477 1784 quatit:
496 1685 655 1760 crevisse
673 1685 784 1779 nesae,
805 1685 976 1780 concede,
997 1687 1210 1763 Palaemon!

162 1803 259 1879 Dum
277 1801 428 1877 meliora
445 1801 608 1899 probant,
628 1829 721 1899 quae
740 1815 824 1878 sunt
841 1804 974 1900 pejora,
996 1805 1210 1901 sequuntur!

162 1920 244 1995 Hoc
262 1932 404 1993 tantum
422 1917 560 1992 lacinus
577 1943 648 1992 non
666 1930 792 1992 notum
810 1929 973 2016 tempore
991 1919 1130 2017 priscol

163 2035 337 2112 inficiunt
355 2034 461 2109 urbes
478 2032 685 2108 truculento
703 2061 787 2108 rura
805 2035 959 2109 venenol

163 2153 268 2227 Haec
288 2179 345 2225 me
364 2149 556 2224 sollicitum
574 2161 675 2224 tenet
693 2150 801 2224 anxia
817 2151 944 2244 curat„

264 2266 332 2366 (P.)
354 2264 562 2340 “Menalcal
624 2307 626 2314 ·

165 2383 261 2458 Siste
282 2384 359 2484 pias
376 2382 555 2474 lacrimas,
576 2381 719 2456 radiant
737 2381 932 2457 virtutibus
950 2384 1072 2480 urbes3

164 2497 320 2596 Templa
338 2509 465 2596 patent
482 2523 683 2591 numerosa,
704 2498 821 2574 nitent
839 2499 968 2574 altaria
985 2500 1082 2597 picto

165 2613 356 2706 Marmore,
377 2614 557 2690 collucent
574 2612 805 2689 rutilantibus
822 2615 967 2712 ignibus
986 2642 1079 2708 arae,

165 2730 292 2805 Thura
309 2742 472 2806 cremant
489 2730 649 2829 pretiosa
667 2731 766 2824 focis,
788 2742 825 2806 et
842 2741 943 2807 veste
962 2732 1131 2808 sacerdos

168 2845 363 2944 Magnifica
380 2847 521 2944 fulgens
540 2846 745 2922 modulatur
762 2847 925 2922 carmina
942 2875 1043 2942 voce,

168 2961 316 3061 Organa
335 2964 430 3038 laeta
446 2947 591 3039 sonant:
609 2974 731 3038 tantos
749 2974 911 3062 spectare
930 2962 1133 3061 triumphos

168 3078 284 3156 Dulce
302 3080 430 3155 decus!
451 3078 556 3156 Felix
574 3080 711 3174 oculus,
732 3079 793 3177 qui
810 3079 899 3154 talia
917 3080 1075 3176 cernitl„

268 3194 347 3294 (M.)
364 3195 469 3270 “Non
484 3196 624 3293 species
638 3223 766 3288 rerum,
783 3194 846 3270 sed
859 3221 917 3270 res
934 3194 1106 3289 libranda,
1123 3195 1341 3273 Palaemoni
1397 3281 1400 3299 Ι

169 3313 269 3388 Num
286 3311 392 3387 multi
411 3311 535 3386 fudere
552 3337 679 3408 preces
689 3315 727 3404 ?„

268 3427 337 3526 (Ρ.)
358 3427 588 3503 “Penetralia
604 3427 731 3524 templi

170 3544 353 3620 innumeri
372 3544 516 3642 replent
533 3531 696 3617 homines
710 3543 743 3636 l„

270 3660 348 3760 (Μ.)
371 3660 467 3737 “Sed
486 3687 629 3758 quaero,
650 3657 863 3734 Palaemon!

171 3779 269 3854 Num
287 3776 392 3852 multi
410 3776 535 3850 fudere
554 3778 710 3874 preces?
726 3775 873 3851 Virtute
890 3774 1085 3850 trahuntur

171 3893 221 3970 Et
238 3893 399 3971 citharae
418 3903 454 3967 et
473 3891 564 3988 litui,
583 3891 789 3967 mulcentur
806 3891 974 3967 cantibus
992 3919 1105 3986 aurea,

171 4009 343 4108 Dantque
360 4008 504 4083 theatra
521 4007 657 4104 modos,
677 4034 809 4082 vocum
827 4007 1037 4083 discrimina
1054 4018 1240 4106 quaerunt,

169 4126 205 4202 N
209 4155 254 4202 on
272 4135 442 4224 portenta
460 4124 586 4218 crucia,
607 4151 698 4222 quae
716 4134 803 4199 tuno
823 4135 1043 4200 renovantur
1059 4124 1096 4199 in
1116 4149 1189 4198 ara.

171 4242 331 4316 Auribus
349 4239 529 4317 associans
547 4240 671 4317 oculos
689 4266 823 4316 vesana
840 4267 1002 4340 propago

1147 4390 1288 4469 17¹
