2962 4742
164 253 218 309 456
486 343 488 351 Α
641 263 854 319 CARMINUM

214 448 413 548 Pampinus
432 449 582 546 exultat,
602 449 719 548 plenis
737 459 853 524 tumet
871 475 943 523 uva
961 447 1122 542 racemis,

311 565 576 663 Oaloantesque
594 565 731 642 dabunt
748 564 869 640 dulcia
887 561 972 638 vina
989 564 1112 662 pedes.

213 681 292 758 Nec
309 707 418 774 mora,
439 681 624 757 luctantur
641 680 841 777 glomerato
859 679 1011 777 pulvere
1028 679 1140 774 venti,
1189 691 1193 698 ’

309 797 359 871 Et
376 796 466 872 latet
483 797 519 870 in
537 796 695 872 tenebris
714 795 769 870 sol
788 795 950 894 fugiente
969 795 1042 890 die;

213 911 384 1009 Undique
402 922 640 987 oonoresount
657 911 873 1016 nubesruit
890 910 1037 985 aethere
1055 920 1203 1001 torrens,

309 1026 487 1102 Verberat
504 1027 683 1102 insontem
701 1025 838 1124 grando
856 1025 987 1100 nivalis
1005 1025 1165 1099 humum.

211 1142 356 1218 Vinitor
372 1142 572 1238 ingeminat
589 1142 694 1217 fletus
715 1142 813 1238 (sunt
831 1127 963 1216 damna
981 1139 1110 1236 salini),

309 1258 445 1355 Torpet
463 1258 567 1351 iners,
587 1269 702 1334 terror
719 1259 844 1333 saucia
860 1257 968 1334 corda
986 1257 1112 1354 quatit.
1130 1297 1179 1354 ἡ

213 1372 345 1449 Omnia
361 1373 540 1467 labuntur,
561 1374 650 1448 nihil
669 1385 726 1448 est
742 1373 809 1448 sub
829 1373 903 1448 sole
921 1399 1086 1471 perenne,

310 1489 499 1564 Intereunt
517 1489 636 1564 subito
653 1501 759 1585 parta
776 1488 898 1564 labore
917 1487 1031 1584 gravi.
1065 1561 1068 1566 i

211 1604 300 1680 Vita
317 1604 389 1679 levi
407 1632 558 1703 spumae
576 1605 754 1702 celerique
773 1604 957 1678 simillima
973 1600 1143 1699 lymphae

309 1720 351 1794 In
371 1720 447 1795 sola
465 1720 605 1795 stabilis
622 1720 822 1795 mobilitate
841 1719 948 1816 fugit,

211 1835 479 1934 Praecipitique
498 1835 600 1911 volat
616 1836 744 1934 rapido
762 1835 953 1910 violentior
970 1834 1078 1925 Euro,

307 1952 568 2051 Fulmineoque
586 1952 660 2027 ruit
676 1978 747 2026 non
765 1950 972 2026 revocanda
990 1950 1092 2048 pede.

209 2065 270 2142 Ah
289 2067 375 2166 quid
393 2067 515 2165 opima
532 2067 598 2142 tibi
616 2091 823 2142 mensarum
842 2064 980 2142 fercula
997 2074 1149 2163 prosunt

307 2183 522 2280 Haustaque
539 2209 610 2257 non
629 2183 756 2282 paucis
774 2183 860 2258 vina
878 2182 1033 2256 Falerna
1050 2179 1220 2278 scyphis?

211 2297 307 2390 Quid
325 2288 459 2395 Tyriae
474 2291 626 2397 prosunt
643 2302 787 2374 vestes?
804 2298 891 2396 quid
909 2298 1011 2395 larga
1029 2295 1216 2393 supellex?

306 2413 365 2487 Ah
384 2413 470 2512 quid
489 2415 589 2511 equis
607 2415 755 2511 prodest
773 2425 856 2489 acta
874 2413 1049 2512 quadriga
1066 2412 1172 2486 citis?
1201 2469 1203 2472 -
1324 2463 1328 2472 ·

208 2528 304 2621 Quid
322 2539 472 2627 prosunt
489 2533 677 2626 gemmae?
696 2530 781 2627 quid
800 2541 944 2632 raptum
962 2527 1143 2602 montibus
1161 2553 1291 2602 aurum

306 2644 465 2741 Altaque
483 2644 625 2718 caelato
643 2671 820 2720 marmore
838 2645 936 2743 picta
954 2644 1103 2719 domus?

208 2759 395 2835 Lictorum
414 2760 530 2834 fasces
548 2771 585 2833 et
603 2759 774 2834 Consulis
793 2772 873 2834 atra
890 2759 1036 2852 securis,
1186 2745 1189 2754 ¹

304 2877 446 2951 Laurea
464 2886 561 2951 serta
579 2875 712 2954 ducum
732 2903 823 2974 quae
842 2877 909 2950 tibi
927 2876 1026 2950 lucra
1044 2877 1196 2973 parant?

207 2991 395 3067 Caesaries
412 2993 555 3066 intonsa
573 2991 667 3090 perit
682 3003 912 3089 'venustaque
930 2991 1066 3066 cervix.

218 3201 220 3205 Ι
303 3107 463 3205 Tempus
482 3106 575 3182 edax
593 3129 722 3201 rerum,
743 3120 886 3200 cuncta,
908 3106 1078 3183 Camillo!
1098 3115 1216 3179 ruunt.

205 3223 243 3297 N
245 3222 398 3297 asoimur
416 3235 453 3296 et
470 3223 651 3322 morimur,
672 3223 777 3298 foveat
794 3217 1015 3297 tumulamur
1032 3222 1175 3313 inertes,

242 3357 245 3364 ’
303 3337 391 3411 Vita
408 3337 507 3412 volat
524 3337 631 3434 lapso.
645 3337 741 3428 faeta
758 3337 956 3436 quadrante
974 3329 1112 3412 minorss'

208 3450 342 3526 Servus
360 3464 397 3526 et
414 3452 602 3550 ingenuus,
622 3452 761 3544 mulier,
783 3454 847 3550 vir,
868 3453 979 3545 dives,
1002 3479 1146 3550 egenus,

303 3567 411 3664 Nata⁷
430 3565 569 3664 parens,
591 3568 735 3664 sapiens
755 3569 1000 3666 insipiensque
1018 3568 1151 3665 rigent3
1194 3555 1211 3594 ⁹

192 3680 375 3788 ,Rusticus
394 3694 431 3758 et
448 3684 548 3777 civis,
570 3685 781 3780 peregrinus
800 3696 836 3758 et
853 3684 973 3759 incola
991 3696 1116 3776 terrae,

301 3797 351 3871 Et
370 3817 462 3896 puer
474 3787 643 3873 imberbis
661 3800 819 3875 concidit
837 3812 944 3899 atque
963 3827 1084 3874 seneX.

205 3911 338 3988 Omnia
355 3940 451 3988 mors
470 3913 587 3988 aufert
605 3914 721 3989 veteri
740 3927 913 4012 generata
929 3927 1089 4014 parente,

301 4027 432 4104 Omnia
449 4028 609 4126 praeciso
628 4029 782 4106 stamine
801 4031 914 4105 cruda
931 4031 1046 4105 metit.

202 4143 330 4219 Uritur
348 4144 413 4218 hio'
426 4143 661 4219 flammisaut
680 4171 787 4220 saevo
805 4172 931 4221 caesus
950 4146 995 4220 ab
1015 4145 1118 4220 hoste

300 4259 453 4350 Corruit,
474 4259 566 4331 irato
583 4259 758 4354 mergitur
776 4259 836 4333 ille
854 4259 955 4334 mari.
