2968 4732
654 239 869 296 CARMINUM

393 424 545 498 Lautior
560 451 705 500 mensae
724 425 827 500 cibus
845 438 900 502 est
918 429 1062 522 amanti,

393 537 540 614 Gratior
557 565 712 633 somnus,
732 540 916 640 leviorque
934 555 1088 642 egestas,

393 653 517 729 Mitior
533 656 690 752 morbus,
709 657 922 756 gelidaeque
940 660 1066 734 mortis

781 771 883 848 Hora
900 774 1032 849 suavis.

647 1125 750 1230 ons
776 1153 882 1230 xm.

601 1385 666 1460 EX
690 1387 782 1463 mro
808 1387 925 1464 SUMl

442 1617 536 1672 Omnia
551 1635 602 1687 per
619 1623 710 1688 ipsum
722 1622 889 1688 factasunt.
911 1621 984 1690 (Joa.
1004 1639 1028 1676 c.
1048 1623 1086 1690 l).

233 1823 318 1897 Non
336 1850 404 1921 ego
422 1833 564 1922 semper
581 1850 688 1919 eram,
708 1852 804 1902 nunc
823 1828 1070 1925 sexagesimus
1089 1807 1203 1902 annus

299 2013 300 2016 ,
330 1940 483 2014 Labitur
501 1941 642 2036 aetatis,
662 1968 734 2017 non
751 1969 820 2040 ego
838 1970 979 2040 semper
997 1969 1109 2039 eram3

232 2054 317 2128 Non
335 2081 411 2153 ege,
431 2083 489 2132 me
507 2057 620 2133 vitam
637 2058 797 2133 nondum
815 2058 970 2153 duxisse,
989 2058 1139 2157 negabo,

329 2172 427 2248 Ante
445 2197 558 2249 annos
575 2186 732 2269 centum,
753 2175 902 2269 barbite,
922 2174 1042 2249 nullus
1060 2202 1169 2251 eram.

232 2285 346 2362 Terra
364 2287 433 2363 fuit
450 2289 665 2388 coelumque
684 2290 761 2385 fuit,
781 2291 957 2388 multique
974 2291 1074 2366 fuere

330 2403 504 2479 Mortales
521 2404 684 2481 homines
702 2406 961 2504 pennigerique
979 2407 1090 2499 chori,

232 2518 282 2592 Et
300 2517 369 2593 fuit
386 2545 473 2594 ecee
490 2519 607 2595 Deus!
627 2523 688 2595 Me
705 2521 826 2597 nullus
844 2523 936 2596 vidit
953 2523 989 2596 in
1008 2522 1103 2615 orbe,

330 2636 487 2713 Conscia
503 2663 605 2711 mens
623 2635 819 2734 hominum,
838 2637 992 2734 barbito,
1010 2637 1111 2712 nulla
1127 2637 1208 2712 mei.

232 2755 293 2829 Me
312 2753 429 2852 potior
446 2751 614 2846 volucris,
634 2779 691 2827 me
710 2753 851 2847 vermis,
872 2780 929 2829 me
947 2753 1039 2851 lapis
1057 2753 1144 2850 ipse,

330 2869 479 2948 Scilicet
495 2868 584 2944 haec
604 2869 765 2966 aderant,
781 2895 854 2944 non
872 2895 940 2966 ego
959 2895 1100 2967 semper
1117 2895 1225 2946 eram.

232 2987 340 3062 Nunc
359 3012 486 3084 ego-
498 3012 576 3060 sum
588 2985 735 3079 -vivo,
756 2995 841 3059 sunt
856 2983 960 3058 multi
978 2984 1137 3082 corporis
1155 2995 1265 3076 artus,

329 3102 445 3199 Mens,
464 3127 556 3199 quae
574 3127 660 3176 vera
676 3101 786 3191 videt,
803 3125 872 3194 cor,
892 3100 987 3198 quod
1010 3126 1130 3176 amare
1152 3102 1293 3198 potest!

233 3218 336 3310 Quae
348 3217 1038 3314 sit-membrorum—mentis—quae
1049 3215 1167 3292 cordis
1179 3214 1292 3313 origo,

331 3334 521 3412 Sciscitor:
540 3333 631 3410 haec
649 3345 797 3409 censent
814 3345 893 3410 orta
910 3333 1021 3409 fuisse
1038 3333 1145 3408 rudes

232 3452 434 3526 Fortuito...
452 3478 537 3527 casu
554 3451 641 3544 fieri,
661 3449 755 3548 quod
773 3450 814 3525 fit
832 3450 909 3525 sine
927 3476 1036 3524 causa

328 3567 530 3662 Efficiente,
550 3568 696 3665 putant!
717 3567 821 3642 Haec
839 3566 988 3641 rationis
1005 3567 1119 3664 inops,

232 3681 335 3758 Haec
352 3683 485 3758 stultus
503 3693 708 3758 commenta
724 3681 888 3780 probet...
907 3681 957 3755 nil
976 3683 1017 3757 fit
1035 3680 1111 3756 sine
1128 3681 1256 3756 causal

329 3799 462 3874 Aestas
480 3800 549 3874 fert
566 3810 718 3897 segetes,
739 3824 867 3897 aspera
884 3799 1013 3874 bruma
1030 3800 1143 3892 uires,

231 3914 343 3991 Terra
359 3909 538 3991 mailescit
554 3915 666 4013 aquis,
684 3915 860 4011 navisque
878 3941 1013 4012 vapore
1031 3926 1208 4010 movetur,

296 4069 299 4080 ·
330 4031 413 4108 Sole
432 4031 568 4106 oriente
586 4031 672 4124 dies,
692 4030 767 4108 sole
784 4030 936 4105 cadente
954 4029 1047 4104 redit

230 4149 325 4241 Nox,
345 4147 465 4222 lanam
483 4145 652 4242 pecudes,
673 4145 762 4220 dant
781 4169 922 4218 vermes
940 4143 1055 4216 serica
1072 4144 1142 4234 fila,

329 4262 415 4340 Urit
430 4260 574 4334 flamma
591 4259 725 4352 domos,
746 4269 783 4332 et
800 4265 991 4352 superatur
1009 4281 1112 4352 aqua,
