3030 4734
603 223 816 279 CARMINUM

287 411 490 509 Cognoscit
507 411 688 486 medicum
707 437 815 508 saepe
833 409 890 485 leo
909 436 1022 502 suum,

288 526 480 601 Blanditur
498 526 640 600 domino
659 525 836 600 sollicitus
856 525 966 617 canis,

286 642 371 717 Vah
390 653 473 716 trux
490 669 583 716 unus
601 641 708 716 homo
726 669 790 716 rex
808 641 1046 716 animantium

386 758 456 832 Par
473 769 529 834 est
546 757 713 832 cautibus
730 756 895 832 horridis.

287 993 346 1066 En
363 1019 446 1067 cum
464 991 560 1066 lacte
578 1016 668 1088 puer
680 991 758 1088 jam
777 990 905 1063 vitium
924 988 1024 1082 bibit,

287 1107 495 1182 Volvuntur
506 1107 662 1205 juvenes
678 1106 816 1202 flagitio
835 1132 923 1208 suo,

287 1223 356 1298 Est
373 1223 428 1296 vir
447 1221 611 1318 sacrilegi
629 1221 789 1296 criminis
808 1220 950 1312 artifex,

389 1337 542 1412 Sordent
559 1336 730 1410 indociles
750 1362 862 1410 senes.

292 1568 420 1644 Finem
438 1595 531 1667 pone
548 1568 663 1659 malis,
684 1595 781 1660 crux,
805 1566 1089 1660 vehementibus,

291 1686 435 1760 Montes
454 1685 565 1759 subde
581 1686 682 1781 jugo,
704 1683 853 1757 fulmine
873 1693 1019 1757 contere

293 1801 443 1898 Cautes3
464 1801 577 1875 donec
597 1810 683 1875 eunt
703 1811 875 1896 tempora,
899 1797 1117 1896 naufragum

391 1917 502 1992 Portu
518 1916 631 1991 conde
643 1942 763 2013 genus
783 1915 887 1989 benc.

611 2224 713 2301 ODE
740 2225 827 2300 XII.

582 2403 856 2478 MARTYRES.

137 2585 173 2637 m
181 2584 238 2638 aidi
247 2585 347 2636 cedes...
358 2588 381 2633 et
391 2582 496 2634 animoa
502 2581 689 2634 decollatorum
698 2590 809 2649 propter
821 2584 1000 2636 testimoniam
1009 2584 1086 2636 Jcsu.
1099 2582 1197 2653 (Apoc.
1209 2585 1251 2654 20,
1262 2587 1306 2657 4).

300 2733 436 2826 Laudo,
458 2732 518 2830 qui
537 2733 573 2806 in
591 2732 716 2806 tabula
733 2733 852 2830 pingit
870 2733 1067 2830 imaginem

301 2851 466 2923 Naturae
485 2847 629 2945 sapiens
648 2849 811 2922 aemulus
829 2849 1014 2946 inclytam,

301 2965 352 3039 Et
370 2965 430 3061 qui
449 2964 554 3060 fingit
571 2990 662 3061 opus
679 2990 918 3039 marmoreum
937 2993 1044 3040 manu

402 3080 554 3178 Scalpro
573 3081 663 3155 dans
682 3080 839 3155 animam
858 3109 933 3156 suo.

303 3311 439 3405 Laudo,
460 3311 521 3408 qui
539 3311 670 3385 seriens
688 3310 834 3408 pectine
850 3311 1021 3387 barbiton

303 3425 424 3502 Docta
442 3453 532 3502 voce
549 3425 648 3501 canit
665 3453 812 3500 carmen
830 3426 994 3522 amabile,

304 3542 383 3618 Nec
402 3568 474 3616 non
492 3542 633 3640 eloquio
652 3540 823 3616 fulmineo
841 3555 970 3640 potens

403 3656 554 3754 Rumpit
572 3657 683 3731 corda
700 3658 942 3733 adamantina.

307 3889 442 3984 Laudo,
463 3891 524 3988 qui
543 3892 678 3989 subigit
696 3892 849 3968 saevitia
866 3903 988 3968 truces

308 4004 454 4079 Morbos
471 4006 647 4081 indomita
665 4008 701 4081 vi
718 4007 1006 4103 medicaminum,

308 4120 358 4194 Et
375 4119 436 4217 qui
454 4119 618 4194 difficiles
630 4122 715 4218 jura
732 4122 799 4196 fori
818 4123 932 4197 sciens

407 4233 547 4309 Causas
566 4235 682 4309 victor
700 4263 813 4311 ovans
831 4237 917 4333 agit.
