3030 4734
593 203 711 260 LIBER
744 200 923 269 QUARTUS

230 393 307 468 Nos
325 389 459 466 vexilla
477 401 609 465 vocant
627 389 763 464 Christi
781 386 977 464 rubicunda
994 415 1128 480 cruore,

327 507 435 581 Stant
452 506 559 598 acies,
580 505 788 580 discrimina
804 504 888 579 belli

231 621 424 696 Exacuant
443 621 591 717 animos,
609 621 817 717 mediosque
836 645 982 694 ruamus
1000 619 1036 693 in
1054 618 1187 711 hostes,

328 735 518 811 Fulmineo
535 762 702 816 mucrone
720 736 901 832 potentes!

232 851 339 927 Unde
358 853 454 928 salus
472 854 639 950 pugnae?
656 852 739 926 Non
757 851 849 926 ferro
867 851 1053 944 vincimus,
1075 877 1145 925 uno

328 969 442 1043 Laeta
458 968 571 1042 oritur
589 967 738 1042 victoria
754 967 868 1042 coelo!

232 1083 321 1175 Quis
339 1085 434 1158 vires
451 1083 578 1157 tribuit
595 1082 817 1158 certantibus
835 1083 1114 1179 ingeniumque?

328 1199 496 1274 Telorum
516 1198 596 1295 quis
613 1197 758 1272 roborat
775 1198 891 1272 ictus?

232 1314 300 1389 Est
316 1315 417 1390 Deus
434 1314 670 1411 omnipotens,
691 1314 751 1410 qui
770 1312 931 1388 condidit
949 1313 1069 1388 omnia
1089 1313 1209 1408 verbu,

328 1430 397 1506 Est
414 1428 519 1522 idem,
539 1429 600 1526 qui
618 1428 778 1526 pulveris
795 1429 908 1504 instar

231 1544 424 1620 Terribiles
442 1544 565 1619 hostes
582 1544 618 1617 in
636 1555 757 1640 partes
775 1542 927 1640 dissipat
945 1569 1083 1641 omnes3
1102 1586 1150 1598 -

329 1661 387 1734 En
405 1659 516 1735 funda
536 1687 626 1757 puer
644 1671 752 1757 atque
769 1659 903 1756 lapillis

233 1778 414 1854 Continuo
432 1777 562 1852 stravit
578 1776 811 1852 metuendum
828 1802 976 1872 corpore
993 1786 1229 1852 monstrum...

329 1893 444 1968 Laeta
462 1892 574 1967 oritur
592 1891 745 1966 victoria
763 1891 879 1966 coelol

232 2008 484 2084 Fundamenta
501 2008 591 2101 loca,
611 2019 778 2106 sectoque
797 2007 933 2105 palatia
950 2034 1037 2084 saxo

331 2123 479 2199 Structa
496 2123 596 2199 leves
613 2123 787 2198 tollantur
804 2124 840 2197 in
859 2150 979 2198 auras:

233 2239 282 2313 Ni
299 2238 399 2314 Deus
418 2237 566 2330 affuerit,
587 2249 821 2314 succrescunt
839 2239 975 2314 vortice
992 2239 1167 2330 flammae,

235 2435 237 2442 ,
285 2379 289 2386 ·
328 2355 440 2429 Terra
457 2355 613 2430 tremit...
633 2353 705 2427 ruit
721 2355 833 2431 ardua
845 2348 974 2430 moles.

234 2470 292 2544 Da
308 2469 438 2566 pelago
455 2495 576 2561 naves,
598 2495 724 2544 exerce
742 2495 887 2544 vomere
904 2468 1041 2566 glebae,

330 2586 459 2660 Prome
477 2585 580 2682 gravi
598 2584 839 2659 medicamina
856 2585 993 2678 morbo,

235 2702 396 2776 Raucum
416 2727 547 2799 quaere
564 2699 680 2774 forum
699 2699 850 2774 facundo
868 2702 1047 2776 maximus
1066 2727 1136 2795 ore,

331 2815 381 2890 Et
397 2815 520 2890 vultus
537 2816 698 2890 imitetur
715 2817 845 2914 image,

235 2932 402 3008 Assiduis
419 2932 585 3007 manibus
602 2933 761 3029 pretiosa
778 2933 961 3008 volumina
979 2959 1091 3025 versa,

332 3047 382 3121 Et
398 3047 535 3122 nummi
555 3047 682 3123 sudore
700 3059 881 3145 parentur,

236 3163 306 3237 Fer
323 3162 457 3260 populo
475 3161 583 3260 leges,
603 3164 654 3239 ito
672 3176 847 3240 mercator
866 3163 911 3239 ad
929 3164 1048 3259 Indos,

332 3279 505 3352 Tirenum
524 3305 588 3354 cor
605 3279 701 3377 finge
718 3281 891 3377 magister
907 3322 956 3334 -

236 3393 371 3468 Virtuti
389 3419 434 3468 ne
452 3393 522 3468 fide
540 3404 635 3487 tuae,
656 3395 800 3472 virtutis
818 3395 919 3494 origo

334 3509 377 3582 ln
395 3510 496 3585 coelo
514 3511 743 3608 quaerenda!
756 3511 940 3586 Memento

239 3624 347 3717 Petri,
367 3623 428 3722 qui
446 3625 585 3702 laceras
604 3627 753 3704 sarcivit
770 3626 903 3702 vimine
920 3652 1060 3702 nassas:

334 3739 441 3815 Retia
458 3751 536 3816 tota
553 3753 660 3817 nocte
677 3741 831 3818 tetendit

238 3847 414 3949 Piscibus,
435 3868 472 3932 at
490 3857 622 3955 pelago
640 3885 782 3955 semper
799 3858 935 3934 latuere
953 3853 1144 3956 profundo3

334 3970 488 4047 Insidias
505 3972 635 4048 iterare
647 3975 803 4071 jubetur,

238 4085 407 4162 Protinus
424 4114 468 4163 en
485 4087 591 4163 binae
609 4087 793 4186 replentur
810 4090 968 4187 pondere
987 4115 1109 4165 naves.

334 4202 491 4279 Divitias
509 4203 585 4280 sine
603 4203 749 4279 numine
767 4205 906 4301 quaerit
