3030 4734
701 233 914 287 CARMINUM

439 419 512 496 Sed
530 419 620 494 Fide
639 430 792 494 cunctae
811 419 995 494 sociantur
1012 445 1094 513 una,

438 536 523 611 Una
541 536 634 633 Spes
651 535 722 610 illis
740 535 898 610 melioris
916 534 1008 629 aevi,

438 651 619 748 impigrae
638 678 779 749 semper
795 651 934 747 patriae
953 649 1075 724 suavis

826 765 971 840 Limina
989 776 1175 862 quaerunt.

439 999 569 1074 Arbori
587 999 719 1074 densae
738 998 941 1096 viridesque
960 997 1112 1090 frondes,

439 1116 490 1189 Et
506 1114 607 1189 velut
625 1125 720 1189 serto
738 1114 904 1189 redimita
921 1113 1050 1210 fulget:

440 1231 567 1306 Enitet
584 1231 709 1324 virtus,
730 1230 837 1305 decus
856 1242 910 1304 est
929 1231 1052 1326 amori,

828 1345 923 1420 Mira
940 1356 1123 1421 venustas.

440 1578 553 1652 Poma
570 1578 795 1675 praebentur,
817 1575 1055 1674 volucresque
1074 1585 1223 1650 cantant

440 1692 490 1766 Et
506 1704 635 1790 parant
651 1692 766 1788 nidoS,
785 1691 997 1790 peregrinus
1014 1691 1179 1765 umbram

441 1807 576 1905 Captat
593 1818 629 1883 et
646 1807 769 1905 frigus,
790 1807 989 1904 frditurque
1008 1833 1132 1880 somno

830 1924 967 1998 Lassus
986 1922 1113 1997 eundo.

442 2151 565 2227 Verbo
583 2163 620 2226 et
637 2151 812 2250 exemplu,
833 2151 1010 2258 precibus,
1032 2150 1153 2225 dolore

444 2267 586 2342 Caritas
603 2267 758 2365 prodest,
778 2267 940 2342 radiante
958 2266 1062 2342 vultu

443 2381 571 2458 Allicit
589 2409 730 2480 segnes,
749 2383 917 2479 graviora
935 2409 1021 2457 saxo

832 2498 987 2572 Pectora
1005 2497 1146 2572 scindit.

445 2726 629 2802 Occidunt
645 2727 800 2824 frondes,
819 2727 981 2801 volucres
999 2726 1080 2819 iere,

445 2841 540 2932 Quid
557 2843 621 2917 tibi
638 2853 779 2941 prostat
795 2842 865 2916 nisi
881 2841 984 2917 triste
1002 2841 1163 2938 lignum?

445 2957 588 3033 Caritas
606 2983 748 3056 semper
766 2957 860 3030 viret
878 2967 986 3054 atque
1004 2955 1142 3030 fructus

835 3071 973 3146 Promit
990 3071 1139 3169 opimos

445 3306 621 3381 Arborem
640 3313 805 3378 sternunt
823 3302 947 3395 caries,
967 3301 1143 3400 bipennis,

445 3422 476 3495 F
479 3421 593 3518 ulgur,
614 3429 650 3493 et
666 3419 767 3492 nulla
782 3417 987 3492 revocanda
1004 3443 1094 3493 voce

391 3603 393 3608 ,
446 3535 621 3611 Caeditur
638 3533 740 3627 ferro,
760 3543 865 3609 vorat
882 3559 954 3607 una
972 3543 1110 3608 sectam

833 3648 983 3724 Torrida
999 3648 1153 3740 flamma,

444 3881 495 3956 Ni
512 3881 601 3956 velit
618 3881 717 3979 ligno
734 3880 835 3956 faber
852 3908 944 3956 unus
961 3880 1029 3954 uti:

446 3998 516 4070 Ast
534 4023 634 4071 amor
650 3996 760 4072 nullis
777 3997 979 4071 terebratur
997 3995 1108 4087 annis,

446 4112 594 4187 Viribus
611 4112 750 4206 crescit,
771 4112 978 4208 domitaque
996 4122 1110 4186 morte

836 4226 940 4302 Vivit
956 4226 994 4301 in
1011 4227 1159 4301 aevum!
