2972 4738
217 196 270 252 308
695 201 908 258 CARMINUM

217 392 297 468 Nec
316 418 415 466 mora
432 418 498 467 uec
516 391 667 489 requies,
687 402 910 489 protractum
930 417 1078 466 carmen
1095 393 1133 466 in
1150 420 1286 468 aevum

219 508 356 583 Taedia
371 507 471 582 nulla
488 519 645 583 movet...
664 507 806 582 fervens
824 507 938 582 oratio
957 509 1120 583 carmen!

316 623 485 698 Laudant
502 650 562 698 ore
579 624 709 718 Deum,
729 650 799 721 quo
817 633 901 697 sunt
918 633 1067 697 auctore
1084 622 1194 717 beati,

217 738 471 836 Virtutemque
489 738 608 813 crucis
625 737 756 812 fidibus
774 736 982 835 plectroque
999 749 1166 834 potentes

217 854 340 951 Atque
358 853 546 928 cicatrices
564 853 686 928 lateris
703 879 947 950 manuumque
964 852 1171 951 pedumque

217 970 410 1045 Extollunt
426 969 583 1063 Domini,
602 980 774 1045 renovato
792 969 951 1045 carmine
969 970 1093 1044 dicunt

217 1085 429 1183 Virgineam
448 1086 612 1179 Matrem,
633 1112 726 1183 quae
743 1085 823 1186 puri
840 1086 968 1159 nuntia
987 1084 1082 1160 Solis

215 1201 358 1276 'Aurora
375 1201 512 1294 enituit,
532 1201 654 1275 divino
671 1200 835 1297 proxima
852 1201 951 1276 Nato

216 1316 326 1391 Nunc
344 1316 485 1414 Regina
502 1316 604 1391 sedet
621 1316 763 1392 cunctis
780 1316 997 1392 venerabilis
1014 1343 1096 1392 una.

217 1432 387 1506 Laudant
403 1459 463 1507 ore
480 1432 609 1526 Deum,
631 1431 690 1529 qui
709 1433 817 1508 verbo
835 1431 998 1508 condidit
1015 1433 1147 1525 orbem,

218 1547 325 1623 Orbis
342 1547 454 1623 totius
471 1548 615 1646 sapiens
632 1547 838 1622 moderatur
855 1547 1026 1644 habenas,

218 1663 333 1754 Quem
351 1691 452 1739 mens
468 1662 570 1738 nulla
588 1663 722 1761 capit...
742 1663 805 1740 sed
821 1662 972 1739 reddere
990 1664 1151 1739 carmina
1170 1665 1277 1742 vobis

217 1779 350 1854 infelix
366 1806 505 1878 nequeo
523 1778 634 1854 densa
650 1778 807 1876 caligine
825 1806 975 1856 mersus.

315 1895 378 1970 Nil
395 1895 464 1971 sibi
481 1895 587 1970 turba
603 1895 696 1993 petit
712 1895 892 1970 thesauris
910 1922 1054 1994 semper
1070 1896 1261 1973 abundans

219 2009 405 2107 Omnibus,
426 2022 464 2086 at
480 2011 582 2086 nobis
601 2021 767 2087 aeternae
785 2011 879 2086 dona
896 2011 1024 2086 salutis

106 2163 116 2186 ·
217 2129 404 2227 Expetit..,
423 2155 511 2203 ecce
528 2126 629 2201 videt
646 2153 774 2201 securo
790 2127 934 2203 condita
952 2139 1060 2226 portu
1104 2199 1106 2204 .

153 2242 156 2248 ’
217 2243 370 2320 Eminus
387 2245 424 2319 in
442 2255 547 2320 vasto
565 2254 744 2319 certantes
762 2269 917 2342 aequore
934 2255 1074 2337 nautas,

217 2360 268 2434 Et
284 2359 430 2457 fragiles
447 2358 572 2458 rapido
590 2370 779 2457 quassatas
796 2359 938 2434 turbine
956 2386 1135 2457 puppes...

216 2473 267 2550 Et
284 2475 385 2551 lubet
402 2475 585 2574 extemplo
602 2475 664 2574 pia
679 2475 796 2550 cordis
812 2501 976 2572 promere
993 2486 1088 2566 vota,

217 2591 271 2667 Ut
287 2591 430 2688 fugiant
445 2592 569 2685 nubes,
590 2601 726 2688 ponant
744 2590 880 2666 lassata
896 2591 1052 2666 furorem

218 2707 408 2801 Marmora,
428 2706 487 2782 vel
506 2706 635 2782 saltem
653 2708 789 2805 spirent
806 2707 1019 2783 clementius
1037 2707 1173 2802 Austri,

216 2824 266 2898 Et
282 2811 416 2899 nautae
433 2822 606 2922 impavidi
624 2822 855 2898 moderentur
873 2822 956 2898 vela
972 2850 1037 2922 per
1054 2823 1180 2899 undas.

218 2939 311 3016 Sunt
327 2966 439 3039 prope
455 2965 522 3013 nos
540 2939 673 3032 Sancti,
693 2939 859 3036 quamvis
876 2939 1068 3014 videantur
1085 2941 1225 3038 abesse..

216 3056 352 3130 Fervet
369 3081 469 3130 amor
485 3054 598 3148 Fidei,
619 3054 772 3152 supplex
790 3055 904 3130 oratio
921 3056 1087 3153 prodest!

314 3170 388 3259 (Ο.)
406 3170 579 3244 Fundunt
596 3196 657 3245 ore
674 3196 801 3267 preces
819 3170 982 3246 homines
1001 3198 1153 3271 quoque,
1173 3174 1327 3272 saepius

1261 3303 1392 3370 autem
1442 3309 1444 3348 r

217 3403 322 3477 Mens
339 3403 473 3500 ignava
491 3401 582 3496 silet,
603 3403 757 3478 subeunt
773 3404 921 3501 negotia
938 3405 1045 3499 vitae,
1443 3383 1444 3398 ἵ

217 3521 289 3597 Cor
307 3519 423 3594 simile
441 3530 498 3594 est
515 3518 623 3612 cauti,
643 3519 711 3593 rivi
730 3521 902 3596 sitiuntur
919 3547 1106 3619 aquarum,

220 3619 317 3692 Rara
334 3617 466 3714 placet,
486 3617 691 3715 languescit
709 3618 805 3694 iners
823 3620 936 3696 oratio
953 3631 1087 3712 nostra,

218 3734 287 3808 Est
304 3733 462 3809 humeris
480 3734 631 3833 pondus,
651 3762 724 3810 non
743 3762 830 3811 voro
848 3762 935 3811 cara
953 3736 1131 3835 uoluptas

220 3851 273 3926 Ut
290 3849 393 3948 pueri
410 3849 598 3948 loquimur,
619 3852 783 3949 quamvis
802 3863 923 3928 aetate
941 3879 1149 3951 gravemur3

219 3967 335 4041 Deme
353 3965 495 4074 librum,
507 3969 586 4066 jam
604 3967 706 4044 labra
723 3980 855 4064 tacent,
875 3997 946 4045 non
964 3970 1137 4045 discimus
1155 3980 1277 4047 artem

217 4083 388 4163 Orandi...
407 4083 527 4159 miseri
547 4111 668 4160 sane...
687 4085 892 4162 rarissimus
909 4086 1005 4161 orat!

215 4203 337 4278 Labra
353 4226 499 4277 movero
517 4202 579 4276 diu
596 4228 668 4276 non
686 4214 743 4278 est
761 4229 871 4298 orare,
893 4227 1114 4303 precumque
1235 4223 1240 4232 ·
