2930 4734
526 234 645 288 LIBER
678 233 868 288 SEPTIMUS

119 419 374 496 Emolumenta
391 422 512 519 parat!

213 535 282 634 (F.)
302 536 482 634 Repetitis
500 537 633 611 ictibus
651 563 736 612 ecce

116 651 258 748 Figitur
275 653 313 726 in
331 651 429 750 ligno
446 652 589 728 olavus:
608 662 649 726 tu
666 651 818 726 malleus
836 677 917 743 una,

116 767 242 842 Tunde
261 794 332 874 cor,
354 767 449 842 alma
468 795 574 860 soror,
596 795 658 843 cor
675 767 742 842 hoc
759 766 950 862 contunde,
970 766 1165 864 placebunt

116 882 226 976 Ictus,
246 895 284 958 et
301 883 423 956 manui
442 893 547 958 tanta
564 883 699 958 virtute
718 883 859 980 potenti

116 996 251 1073 Oscula
268 1025 392 1095 pressa
409 996 512 1072 dabo,

214 1111 288 1210 (G.)
308 1112 432 1188 Tellus
450 1112 650 1188 fervoribus
668 1125 750 1188 usta

117 1227 308 1325 Languida
325 1229 445 1303 sorbet
463 1255 590 1326 aquas:
611 1239 761 1322 arrecta,
783 1228 901 1321 Flora,
923 1228 1077 1302 salutem

117 1345 215 1419 Aure
232 1344 335 1420 bibis.

214 1459 281 1556 (F.)
302 1460 421 1553 Nunc,
442 1459 607 1555 Gemma,
626 1457 727 1550 refer,
748 1485 818 1556 quo
835 1469 998 1556 tempore
1016 1459 1164 1555 longum

118 1574 245 1650 Cordis
262 1574 331 1649 iter
347 1574 490 1650 faciam.

212 1690 291 1784 (G.)
312 1689 386 1766 Sub
405 1690 521 1788 prima
538 1688 755 1787 crepuscula
771 1689 889 1764 noctis

118 1805 203 1882 Otia
221 1831 352 1904 quaere
369 1805 434 1880 tibi
452 1805 631 1902 finemque
649 1805 794 1902 impone
812 1804 934 1896 labori,
1052 1859 1054 1871 .

117 1922 312 2020 Rumpitur
329 1921 524 2018 extemplo,
543 1921 693 1994 nimium
711 1919 772 2017 qui
789 1919 959 2012 tenditur,
981 1946 1098 1994 arcus.

117 2037 238 2129 Quum
255 2036 365 2111 latrat
384 2035 603 2128 stomachus,
623 2035 764 2133 regales
782 2036 919 2109 instrue
936 2060 1088 2127 mensas,

116 2155 241 2228 Aurea
258 2152 451 2231 demittant
468 2151 601 2226 multos
620 2151 804 2248 laquearia
820 2149 977 2247 lychnos,

118 2268 173 2344 Sit
190 2279 377 2366 protracta
394 2267 480 2362 di'es,
501 2293 716 2363 mensaeque
736 2265 863 2340 sedilia
879 2277 1000 2362 necte,

116 2385 173 2458 Ne
193 2383 268 2458 sint
285 2382 386 2479 dura,
406 2410 507 2476 caue,
527 2408 610 2455 nam
629 2380 833 2478 pulvinaria
851 2408 992 2478 quaem,

116 2499 277 2582 Fercula
292 2526 416 2597 prome
435 2499 518 2591 cito,
539 2499 678 2572 niteant
696 2507 869 2594 argentea
887 2523 984 2590 vasa,

116 2617 286 2692 Orateres
304 2615 445 2710 adhibe,
465 2625 634 2711 spument
651 2613 850 2688 redolentia
868 2613 963 2706 vina,

116 2731 328 2806 Trudantur
346 2729 482 2804 celeres
500 2728 630 2826 lepidis
649 2728 871 2804 sermonibus
888 2726 1006 2820 horae,

113 2847 156 2923 ¹Si
174 2847 287 2939 lubet,
307 2846 472 2942 ingentes
490 2844 609 2918 mulce
627 2843 870 2918 modulamine
890 2868 1006 2918 curas.

213 2963 288 3052 (F.)
302 2963 390 3055 Quo,
405 2989 474 3059 quo
492 2959 648 3035 Gemma
664 2959 761 3061 ruis?
779 2959 854 3034 Cur
871 2985 965 3033 nunc
983 2984 1145 3032 sermone
1164 2958 1280 3032 lisceto

118 3079 221 3155 Seria
237 3079 451 3153 turbantur?
470 3075 571 3168 Quae
589 3086 626 3150 te
645 3075 827 3150 dementia
845 3075 966 3171 cepit?

215 3193 294 3282 (G.)
312 3192 511 3268 Intervalla
531 3192 676 3290 placent
692 3191 830 3289 —jam
848 3189 933 3283 dixi,
958 3189 1138 3286 rumpitur
1163 3215 1279 3282 arcus,

118 3310 249 3386 Nectit
267 3335 375 3406 saepe
393 3335 521 3400 moraS,
542 3319 580 3383 et
598 3307 672 3382 sole
690 3306 833 3382 calente
851 3306 969 3379 viator

117 3425 304 3501 Instaurat
321 3424 425 3517 vires,
447 3423 628 3520 densaque
647 3423 713 3497 sub
732 3423 857 3497 arbore
877 3420 975 3516 sidit3

116 3541 187 3616 Est
204 3549 412 3638 potatorum
429 3537 558 3612 calices
576 3564 731 3614 vacuare
747 3546 929 3612 tumentes

116 3656 268 3731 Haustu
284 3681 367 3750 uno,
388 3681 601 3751 semperque
618 3663 741 3728 movet
757 3651 876 3726 malus
895 3650 1002 3725 heluo
1021 3649 1162 3744 deutes3
1293 3647 1296 3650 ’

117 3773 178 3846 An
196 3769 273 3846 ludi
292 3769 402 3844 series
419 3795 490 3844 non
506 3769 710 3867 interrupta
726 3767 913 3856 theatris?

118 3884 206 3960 Otia
225 3894 310 3959 sunt
328 3883 477 3976 choreis,
497 3883 705 3958 cantoribus
723 3893 832 3978 atque
849 3880 966 3978 poetis
983 3921 1032 3933 -

118 3999 206 4076 ‘Otia
224 4000 297 4074 sint
314 3999 435 4074 nobis!
455 3998 639 4074 Resolutis
656 3998 811 4072 nubibus
828 3996 962 4070 imbres

121 4113 248 4212 Saepe·
261 4115 405 4208 cadunt,
426 4125 591 4189 vastatur
608 4114 747 4206 humus,
769 4112 832 4188 sed
850 4112 948 4186 lenta
966 4109 1128 4186 cadendo
1202 4178 1205 4183 .

120 4229 257 4328 Irrigat
274 4230 370 4306 unda
388 4229 515 4304 solum.

135 4608 286 4699 eram
