2930 4734
506 219 626 276 LIBER
654 218 843 274 SEPTIMUS

97 407 256 482 Munera.
276 406 374 498 Quos
392 431 492 482 sacra
510 403 644 479 dudum
662 429 876 480 veneramur
892 403 929 477 in
948 429 1018 496 ara,

97 521 218 598 Sancti
236 520 331 596 dona
347 520 426 598 Deo
443 519 583 618 potiora
600 518 729 596 tulere:
749 517 901 618 flagella,

95 634 144 712 Et
161 647 257 712 setas
275 626 441 729 Cilicum,
461 633 585 710 multis
602 644 786 733 protracta
804 631 930 710 diebus

96 751 247 827 Ardenti
266 751 400 828 sociata
418 750 476 826 siti
488 749 638 848 jejunia,
658 759 784 824 noctes

96 865 281 942 Insomues
298 864 440 959 multas,
460 865 536 941 diro
553 864 738 940 manantia
755 863 839 938 tabo

96 979 231 1057 Ulcera
248 1009 373 1080 pressa
390 981 509 1074 labris,
530 981 668 1079 lapides
685 979 875 1055 tabulaeve
892 977 1062 1053 molestas

96 1095 311 1196 Suppositas
329 1095 442 1194 capiti
456 1123 519 1172 seu
535 1095 702 1172 mollibus
720 1095 869 1170 artubus
886 1135 935 1148 -
952 1093 1043 1168 eheu

96 1210 172 1288 Nos
190 1211 334 1288 imbelle
351 1239 467 1310 genus
485 1212 624 1288 sumusl

191 1327 267 1424 (F.)
285 1326 344 1401 Illi
362 1338 446 1403 sunt
463 1326 682 1425 elephantes,

96 1440 146 1517 Et
161 1467 227 1517 nos
244 1441 423 1518 formicae.

193 1556 268 1654 (C.)
287 1556 386 1634 Deus
404 1569 460 1633 est
477 1557 678 1656 elephantis
696 1556 796 1654 origo

98 1671 134 1746 N
135 1699 178 1748 eo
196 1698 268 1748 non
285 1672 458 1749 formicae
473 1717 522 1730 -
539 1673 706 1748 dabimus
722 1669 946 1763 munuscula,
967 1669 1085 1762 Flora,

93 1785 333 1886 Excipietque
351 1788 451 1864 Deus
467 1788 581 1864 nostri
598 1797 832 1864 monumenta
848 1783 992 1862 doloris.

93 1900 276 1979 Continuo
294 1926 379 1980 vero
397 1904 561 1981 dabimus
577 1901 801 1996 munuscula,
822 1902 937 1999 guttis

92 2015 230 2093 Cuttas
248 2018 339 2095 adde
355 2045 477 2114 novas,
497 2019 695 2117 replebitur
712 2044 838 2093 urceus
856 2017 964 2093 altus.

193 2135 266 2226 (F.)
286 2137 339 2210 At
357 2135 386 2210 si
405 2161 518 2234 parva
535 2134 671 2227 damus,
692 2160 827 2231 poenas
844 2159 916 2208 non
934 2131 1095 2207 tollimus
1113 2159 1248 2208 omnes.

193 2249 268 2348 (G.)
289 2252 451 2344 Munera,
472 2277 581 2348 quum
600 2260 765 2324 crescent
781 2249 885 2341 virae,
906 2247 1048 2346 potiora
1064 2247 1231 2342 feremus,
1256 2321 1258 2324 .

92 2363 280 2464 Quidquid
298 2367 385 2464 agis,
406 2366 601 2465 prudenter
618 2389 741 2462 agas...
761 2363 942 2440 sententia
958 2363 1061 2438 trita!

91 2481 144 2556 At
162 2481 292 2580 culpas
312 2509 435 2559 arcere
447 2483 565 2580 juvat,
585 2508 687 2556 secus
706 2481 826 2555 omnia
842 2491 967 2555 nostra

92 2595 200 2673 Dona
218 2624 345 2695 parum
362 2607 523 2695 prosunt.

193 2712 266 2810 (F.)
285 2714 425 2789 Poenas
442 2739 514 2787 non
531 2712 693 2788 tollimus
711 2738 842 2805 omnes,

90 2825 199 2904 Haec
218 2840 275 2905 est
292 2828 369 2905 vita
385 2829 516 2904 brevis.

192 2943 273 3032 (G.)
291 2943 472 3041 Locuples
489 2943 641 3019 ecclesia
659 2943 795 3018 Christi

91 3057 170 3134 Dat
188 3059 332 3135 veniam
351 3087 497 3158 poenae,
519 3061 662 3135 veniam
680 3059 780 3134 dabit
797 3057 859 3133 illa
876 3056 1030 3155 roganti.

89 3174 163 3251 Est
181 3174 373 3252 thesaurus
390 3177 423 3252 ei
440 3176 548 3252 rutilo
566 3176 754 3275 pretiosior
772 3201 869 3271 aure,

91 3290 231 3367 Condit
247 3314 335 3390 opes
352 3293 509 3386 Domini,
530 3293 710 3391 quaesitas
728 3292 766 3365 in
784 3317 892 3365 cruce
909 3315 1080 3386 gemmas,

92 3405 197 3481 Crux
215 3407 362 3485 Domini
381 3409 507 3507 culpas
526 3435 648 3484 omnes
667 3407 851 3504 abstergit,
872 3417 909 3481 et
926 3430 1050 3480 omnes

92 3520 287 3621 Expungit
303 3551 473 3622 poenas...
485 3529 655 3623 'gemmas
673 3525 837 3622 deposce,
858 3511 1050 3598 dabuntur.

92 3637 286 3715 Accedant
305 3666 428 3716 omnes
447 3640 619 3734 homines,
640 3667 728 3738 quos
746 3639 908 3714 continet
925 3636 1031 3728 orbis,

93 3752 284 3853 Quotquot
301 3766 406 3832 erunt
422 3755 594 3853 homines,
614 3757 726 3832 donec
746 3753 974 3830 venientibus
992 3750 1086 3826 adsit

94 3869 260 3947 Ultimus
278 3871 375 3946 orbis
391 3870 533 3948 homo...
552 3881 705 3970 poscant
724 3897 790 3946 sua
807 3870 912 3962 dona,
931 3868 1098 3945 ferentur.

195 3988 266 4062 Ast
283 3987 475 4063 thesaurus
492 3987 602 4063 babet
620 3987 772 4062 sociatos
791 3985 954 4083 Virginis
974 3983 1090 4059 almae

93 4101 221 4200 Atque
239 4103 433 4178 Beatorum
453 4101 579 4200 (moles
596 4099 789 4186 immensa)
806 4100 961 4197 dolores3

93 4217 299 4314 Credimus,
321 4220 376 4294 his
393 4229 535 4294 nostros
552 4217 630 4293 tolli
648 4217 808 4295 minuive
826 4216 977 4292 dolores.
