2988 4730
643 191 857 247 CARMINUM

375 381 449 457 sed
466 380 578 455 fames
597 378 733 455 Christi
752 378 904 476 dapibus
922 377 1040 475 potita

374 496 499 598 Ardet,
520 507 558 571 et
574 522 758 593 nunquam
777 493 981 592 superanda
997 493 1143 589 erescit3

375 611 494 710 Ligna
511 612 557 686 da
573 610 749 702 flammae,
769 636 865 684 nova
881 609 982 706 ligna
1000 636 1141 706 semper

762 724 916 823 Expetit
932 725 1038 822 ignis.

631 1158 735 1235 ODE
763 1159 867 1234 XXI.

241 1443 632 1521 commossem
659 1445 860 1520 OMNIUM
885 1440 1264 1518 DEFUNOTORUM.

166 1729 267 1785 Sancta
291 1747 352 1799 erqo
375 1739 401 1786 et
425 1733 543 1786 salubris
561 1739 601 1785 est
617 1735 742 1799 conitatio
767 1749 817 1800 pro
844 1733 978 1799 defunctis
1001 1744 1120 1796 exorare,
1139 1731 1171 1780 nt
1186 1742 1205 1778 a
1218 1727 1338 1794 peccatis

519 1825 666 1876 solvantur.
684 1822 714 1892 (2
732 1823 838 1877 Msech.
859 1824 902 1891 12,
921 1823 979 1893 46).

162 2178 167 2192 ‚
293 2096 536 2172 Laetabamnr
553 2097 645 2173 heri:
665 2125 731 2174 nos
748 2099 854 2174 hodie
873 2097 974 2172 dolor

293 2212 464 2306 Exercet,
485 2213 634 2313 querulo
651 2214 735 2290 nola
752 2215 866 2312 gemit
883 2240 980 2307 sons,

295 2327 357 2404 Sol
375 2323 515 2428 quaerit
533 2330 700 2424 latebras,
720 2332 848 2406 bruma
865 2331 968 2405 nives
987 2339 1127 2428 parat...

392 2447 477 2521 Heu
494 2445 616 2521 feralis
633 2447 737 2522 adest
754 2447 842 2522 dies.

296 2682 339 2756 In
356 2681 503 2779 templis
521 2679 703 2774 feretrum,
724 2681 807 2756 vela
823 2681 1019 2778 nigerrima

294 2797 541 2896 Albentesque
560 2825 696 2892 cruces,
717 2797 847 2872 naenia
864 2797 1040 2896 promitur

295 2915 495 2990 Multorum
514 2914 628 3009 labiis,
648 2914 803 2990 foederis
820 2913 1008 2989 immolant

393 3029 495 3104 Atris
513 3030 675 3106 vestibus
692 3029 859 3105 hostiam.

299 3266 434 3343 Omnes
452 3294 557 3344 sacra
575 3279 705 3366 petunt
723 3277 828 3366 septa
844 3264 1070 3359 cadaverum,

299 3381 393 3458 Sunt
410 3383 524 3459 vittae
542 3383 692 3458 tumulis
711 3393 878 3480 sertaque
896 3381 1061 3480 plurima,

297 3499 415 3575 Olaris
431 3499 539 3574 busta
555 3499 672 3574 nitent
688 3499 895 3594 luminibus
915 3498 1031 3573 solum

395 3609 611 3690 Lustrantes
628 3626 821 3714 penetrant
839 3642 965 3712 aquae.

298 3849 384 3925 Heu
400 3859 524 3923 natam
541 3847 708 3946 genitrix,
729 3860 766 3923 et
778 3847 925 3946 juvenis
942 3856 1093 3944 patrem,

298 3965 463 4040 Fratrem
480 3964 614 4040 blanda
631 3991 738 4058 soror,
759 3989 964 4062 sponsaqne
982 3962 1186 4060 conjugem,

300 4082 568 4180 Patronumque
586 4080 709 4175 cliens,
730 4091 766 4156 et
785 4079 955 4155 comitem
974 4106 1098 4154 comes

396 4198 598 4298 Deplorant
614 4197 781 4296 lacrymis
800 4195 872 4270 diu.
