2968 4732
533 207 659 280 arnan
691 207 858 276 onrnros

301 400 477 473 Innocens
495 423 566 469 non
584 419 673 488 sum,
695 421 760 468 sua
779 403 957 494 qnemque
976 405 1085 468 vexat

300 514 421 612 Culpa
436 509 637 605 mortalem,
658 509 845 586 subeunda
862 509 965 584 nobis

301 630 424 704 Poena
441 627 575 719 delicti,
595 625 777 700 medicina
793 626 957 700 morbum

689 741 800 815 Tollit
819 743 952 816 amara.

298 975 356 1049 En
369 975 460 1073 jugo
478 975 592 1073 pressi
610 974 775 1072 graviore
793 973 968 1070 languent

298 1090 449 1164 Plurimi
467 1091 605 1183 fratres,
625 1090 731 1164 decet
749 1116 827 1164 esse
845 1089 971 1164 fortem

297 1206 358 1280 Me
377 1207 610 1301 sacerdotem,
629 1206 691 1302 pia
708 1205 819 1279 verba
837 1231 979 1300 semper

687 1321 804 1394 Facta
823 1331 1029 1416 sequantur.

298 1554 466 1630 Christus
483 1554 657 1628 immanes
676 1552 765 1627 adiit
783 1550 931 1644 dolores

296 1669 384 1744 Non
399 1696 459 1744 ero
478 1669 547 1743 tiro
565 1669 684 1766 potior
701 1667 883 1764 magistm,

296 1785 357 1858 Ad
375 1785 469 1859 fores
488 1784 581 1858 coeli
600 1784 661 1858 via
677 1811 742 1858 nos
760 1783 873 1857 ituros

685 1899 828 1995 Aspera
845 1896 954 1972 ducit.

596 2209 700 2285 ODE
727 2209 795 2282 III.

520 2388 681 2464 SERMO
708 2386 871 2463 SAOER.

339 2566 508 2632 sufficientia
526 2572 621 2618 nostm
639 2583 672 2618 ec
690 2565 748 2618 Deo
767 2572 811 2618 eat.
833 2566 862 2635 (2
882 2564 939 2619 Cor.
959 2565 993 2634 3,
1012 2565 1048 2634 5).

298 2717 445 2815 Claugit
462 2719 554 2812 nola,
575 2745 720 2793 vocor...
740 2731 780 2792 tu
798 2719 949 2793 benedic
968 2718 1066 2810 milri,
1176 2705 1179 2714 ¹

295 2833 320 2908 J
323 2860 386 2908 esu
404 2833 566 2910 Christe!
585 2844 686 2908 tuam
704 2833 877 2910 sollicitus
895 2861 1041 2908 crucem

296 2949 517 3046 Amplector,
538 2949 658 3024 radios
675 2950 780 3024 mitte
800 2949 953 3048 (precor)
973 2960 1064 3041 tuos,

395 3065 465 3156 Qui
483 3065 622 3163 pellant
639 3065 809 3141 tenebras
827 3093 937 3140 meas,

298 3297 452 3394 Indigno
470 3296 604 3371 famulo
622 3295 669 3370 da
687 3296 911 3395 sapientiam,

281 3407 345 3485 'Ni
365 3411 460 3486 vires
479 3439 598 3506 acuas,
619 3411 776 3510 pondere
794 3413 984 3510 deprimor,

297 3527 350 3602 Ut
368 3527 495 3602 fratres
513 3528 672 3620 doceam,
693 3555 751 3603 me
769 3528 918 3604 doceam
936 3527 1045 3625 prius,
1181 3569 1183 3576 ·

394 3643 490 3718 Nam
507 3670 657 3718 coecum
675 3643 820 3740 fugiunt
838 3644 975 3718 ducem.

296 3872 354 3946 Ne
372 3872 497 3947 laudes
514 3872 668 3970 cupiam,
688 3901 767 3948 sum
785 3873 964 3966 minimus,
986 3902 1085 3968 cave,
1181 3909 1185 3916 ·

296 3988 354 4062 Ne
372 3987 509 4063 multus
528 3988 652 4063 videar
669 3989 762 4063 mole
781 3990 964 4083 scientiae,

297 4103 391 4178 Sunt
408 4113 533 4200 guttae
552 4104 684 4202 pelagi,
704 4131 795 4202 quae
814 4104 935 4199 didici,
954 4117 1065 4202 ruunt

395 4219 505 4294 Duris
523 4231 628 4323 parta
645 4221 838 4296 laboribus.
