2962 4742
536 201 655 256 LIBER
683 201 872 258 SEPTIMUS

217 390 294 481 (A.)
313 389 371 463 Ne
389 388 487 462 dieas
505 387 622 464 sidera
639 388 720 481 fixa,
801 415 806 430 ·

118 503 246 579 Sidera
263 515 397 578 cuncta
415 503 483 578 Dei
502 504 640 578 circum
658 531 696 578 se
715 529 804 580 voce
821 505 939 599 rotari,

117 620 309 695 Constat...
329 618 504 696 sideribus
520 646 636 694 novus
654 619 820 695 omnibus
837 621 995 718 impetus
1015 622 1115 721 alter,

116 735 282 832 Impetus
300 733 456 833 antiquis
474 735 656 832 ignotus...
672 746 804 810 cuncta
820 748 1012 812 moventur

116 850 225 925 Circa
243 848 441 924 centralem
459 849 581 940 solem,
603 849 709 925 datur
727 850 843 926 orbita
860 852 1013 927 eunctis.

215 965 289 1058 (B.)
307 964 517 1040 Doctrinam
532 964 698 1040 didicisse
712 992 844 1042 novam
857 967 946 1041 mihi
959 980 1064 1065 grata
1078 969 1282 1069 voluptas...

116 1080 180 1156 Sol
197 1081 366 1158 centralis
383 1081 468 1156 ubi?

214 1196 294 1285 (A.)
313 1198 422 1271 Latet
439 1196 507 1271 hoe
527 1196 690 1272 mirabile
709 1197 808 1272 sidus

114 1315 351 1394 Astronomos
370 1338 509 1408 omnes3
528 1311 607 1409 quis
624 1323 788 1387 nostrum
805 1313 954 1411 naviget
972 1341 1105 1413 aequor

113 1428 287 1503 Immensi
307 1428 439 1526 spatii?
457 1427 520 1503 sed
537 1428 655 1504 forsan
676 1427 792 1504 dicere
810 1441 981 1527 praestat,

112 1545 207 1620 Esse
226 1544 345 1618 Deum
363 1554 563 1618 centrum...
584 1539 667 1618 sunt
685 1543 802 1618 sidera
816 1558 947 1621 cuncta
964 1545 1144 1644 planetae.

113 1657 193 1736 Nec
211 1661 310 1736 sidus
328 1659 452 1735 turbat
468 1660 575 1754 sidus,
596 1659 860 1758 pulcherrimus
879 1662 976 1758 orde,

113 1775 277 1872 Legibus
296 1776 452 1850 aeternis
470 1775 570 1851 Deus
589 1777 755 1851 omnibus
772 1777 926 1874 imperat
944 1778 1060 1873 astris,

112 1893 165 1966 Et
182 1891 281 1988 leges
303 1890 433 1967 violare
451 1892 568 1969 nefas!
590 1893 652 1966 sed
670 1892 827 1990 pondere
847 1919 990 1990 pressus

112 2007 251 2084 Defioio
269 2033 416 2103 prorsus
434 2007 668 2104 paullumque
686 2007 870 2104 quiescere
888 2007 994 2082 malo

211 2122 286 2206 (B.)
305 2121 415 2197 Hunc
434 2123 526 2198 circa
544 2122 656 2196 solem
673 2122 796 2196 divina
813 2122 893 2219 lege
910 2134 1073 2198 rotantnr

115 2237 247 2314 Omnia
263 2238 429 2312 nocturni
448 2238 625 2312 radiantia
642 2238 759 2312 sidera
776 2237 884 2312 coeli!

113 2355 319 2429 Immensae
338 2352 461 2445 moles,
483 2377 572 2452 quas
589 2353 710 2428 nullus
727 2363 847 2428 mente
864 2365 1043 2451 recenset3

112 2471 198 2545 Non
215 2479 339 2566 guttas
357 2468 487 2568 pelagi,
508 2495 580 2544 non
599 2469 712 2544 litoris
730 2468 826 2544 ullus
844 2495 979 2564 arenas,

114 2586 289 2678 Quamvis
307 2584 453 2681 ingenio
471 2595 639 2681 praestet,
660 2610 848 2659 numerare
868 2584 1018 2660 valebit:

112 2702 164 2776 Et
181 2712 302 2775 tamen
322 2699 469 2776 Oceano
487 2699 576 2774 fines
594 2710 631 2774 et
649 2697 752 2775 limes
771 2700 923 2775 arenis...

112 2818 334 2892 Immensum
354 2815 528 2913 spatium!
549 2815 625 2890 sine
644 2815 773 2890 limite!
794 2815 911 2891 sidera
929 2815 1080 2913 ubique!

114 2932 242 3008 Sidera
260 2931 434 3007 sideribus
453 2931 564 3006 ferme
581 2958 742 3006 connexa
760 2931 942 3006 videntur:

113 3048 319 3124 Dissociata
336 3057 453 3140 ruunt,
475 3057 557 3121 sunt
574 3047 732 3120 maxima
751 3047 856 3121 crede
875 3047 1036 3123 locorum

112 3161 331 3238 Intervalla!
351 3163 420 3236 Dei
439 3187 606 3260 suprema
625 3161 786 3259 potentia
803 3161 902 3238 coelo

109 3280 220 3354 Teste
239 3289 351 3378 patet,
371 3277 495 3352 cervix
511 3277 697 3352 hominum
712 3277 898 3370 flectenda,
919 3304 1029 3353 suave

111 3395 183 3470 Est
200 3420 325 3492 parere
344 3393 432 3486 Deo,
453 3393 572 3468 cordis
589 3392 775 3490 detergere
794 3392 925 3468 sordes.

109 3513 313 3586 Aeternum
333 3536 410 3585 esse
428 3509 547 3583 Deum
565 3507 660 3604 novi,
679 3508 834 3606 novique
852 3519 1052 3606 potentem:

112 3626 215 3702 Scire
232 3652 359 3724 parum
377 3623 534 3722 prodest,
547 3624 676 3721 jejuna
694 3623 844 3698 scientia
862 3622 1009 3698 mentis!

108 3741 217 3816 Eheu
234 3767 291 3815 me
310 3739 418 3815 latuit
433 3739 617 3837 praeclara
634 3739 783 3814 scientia
800 3739 929 3834 cordis,

107 3858 146 3932 N
148 3883 194 3932 on
212 3856 412 3931 meditabar
437 3882 527 3953 opus
544 3854 702 3952 supremi
718 3853 874 3929 numinis
890 3896 939 3907 -
955 3854 1087 3929 orbern.

107 3972 329 4048 Praeteritos
347 3997 460 4046 annos
477 3970 614 4046 utinam
630 3995 801 4045 revocare
818 3969 961 4044 liceret!

105 4086 271 4164 Plurima
287 4097 371 4161 sunt
382 4085 509 4184 juveni
529 4110 614 4160 sane
631 4084 813 4179 discenda,
832 4086 895 4160 sed
911 4085 1030 4162 almus

103 4204 178 4280 Est
193 4202 313 4301 potius
325 4200 526 4277 ,discendus
542 4227 676 4276 amor...
692 4200 729 4276 ni
745 4201 850 4276 eorde
867 4200 1018 4296 volutes
