2968 4732
522 201 641 254 ursan
675 167 854 269 cusanus

555 667 658 780 nnn
685 703 825 778 xxvi.

616 963 768 1038 muns

206 1225 265 1278 Est
284 1230 371 1276 autem
390 1223 472 1275 Fides
490 1223 686 1289 sperandarum
704 1222 853 1274 mentatio
872 1239 972 1290 rorum,
990 1230 1176 1289 oruamentum

439 1329 493 1364 non
511 1311 708 1378 apparentium.
730 1310 827 1380 (Hebr.
848 1310 949 1380 11‚1).

220 1543 420 1636 Credimus,
440 1542 618 1618 immanes
638 1543 780 1618 sinuare
798 1542 990 1636 volumina,
1011 1543 1106 1618 diros

314 1659 383 1734 Per
400 1659 538 1756 Libyae
556 1659 698 1734 deserta
715 1659 887 1734 dracones

213 1775 397 1873 Spargere
414 1775 512 1850 virus
530 1787 643 1868 atrox,
664 1774 803 1871 aquilas
821 1775 1028 1872 contingere
1045 1775 1169 1870 nubes,
1224 1799 1226 1806 ’

314 1890 551 1966 Horrentisve
571 1891 757 1966 cacumine
775 1891 875 1988 rupis

213 2005 438 2104 Praecipites
457 2005 549 2100 ferri,
569 2007 794 2104 rapientibus
812 2006 994 2105 unguibus
1013 2033 1126 2102 agnos

313 2121 364 2196 Et
382 2132 499 2197 rostro
517 2122 652 2196 laniare
670 2122 869 2197 tremenda.

222 2236 421 2332 Credamus,
443 2237 630 2312 horribiles
648 2238 823 2312 immensa
839 2237 934 2312 mole
952 2237 1124 2313 balaenas
1231 2329 1234 2336 Ι

317 2353 449 2430 Oceani
468 2379 678 2451 percurrere
694 2353 832 2446 fluctus,

214 2467 426 2545 Visceribus
444 2481 561 2544 terrae
578 2469 682 2544 condi
701 2469 859 2567 pretiosa
877 2468 1033 2562 metalla,

316 2583 366 2659 Et
382 2611 545 2682 gemmas
562 2585 701 2660 radiare
720 2611 784 2683 per
802 2585 936 2678 orbem,

215 2701 430 2776 Innumeros
447 2701 552 2778 flores
571 2701 680 2776 variis
698 2702 906 2800 regionibus
924 2701 992 2796 edi,

316 2817 367 2892 Et
384 2817 522 2914 fulgere
540 2817 717 2892 coloribus
735 2817 871 2892 hortos.

218 2933 261 3008 Si
278 2933 357 3030 quis
374 2933 622 3008 Alexandrum
641 2944 742 3008 terno
761 2933 957 3008 certamine
976 2933 1105 3006 Persas

321 3047 539 3150 subjecisse,
559 3049 768 3146 potentibus
786 3049 896 3123 armis

218 3164 403 3239 Romanos
419 3153 552 3239 referat
570 3149 791 3239 Teucrorum
811 3165 921 3262 stirpe
939 3173 1078 3239 creatos

319 3280 369 3355 Et
386 3279 540 3380 populos
558 3281 740 3356 domuisse
758 3280 894 3356 feroces

217 3395 270 3470 Et
288 3421 414 3492 regum
432 3395 544 3494 capiti
562 3396 702 3494 priscas
719 3395 882 3494 rapuisse
899 3421 1059 3491 coronas,

318 3512 440 3610 Atque
457 3511 575 3586 virum
594 3512 808 3608 cognomine
827 3511 1003 3608 Magnum

218 3625 432 3720 Germanos,
453 3626 574 3720 Italos,
595 3627 757 3701 Francos
775 3627 909 3702 virtute
928 3624 1088 3700 secunda

319 3742 476 3840 Imperio
495 3743 653 3818 sociasse
673 3741 864 3836 Quiritum,

217 3856 405 3955 Europam
423 3858 588 3933 turbasse
606 3857 678 3954 diu,
698 3857 861 3933 calcasse
878 3867 1082 3954 tyrannum,

320 3972 435 4064 Quem
453 3973 548 4048 tristi
566 3973 666 4049 dedit
682 3972 800 4049 insula
818 3974 902 4067 fato,

217 4088 345 4164 lnsula
362 4115 469 4185 quem
486 4089 604 4164 tenuit
621 4088 724 4186 vigili
741 4088 889 4165 custode
908 4087 1092 4181 Britanno

319 4203 368 4278 Ni
387 4203 499 4280 simus
516 4204 666 4280 rationis
685 4215 843 4303 egentes,
