2968 4732
567 227 687 282 emme
715 227 884 296 oururus

301 414 426 491 Allata
443 414 535 488 rictu
553 413 692 490 fereula
710 415 851 507 devora,

302 529 518 606 Crudeliteti
536 530 658 605 debita
674 530 823 627 fercula,

398 645 479 720 Hoc
496 645 609 720 imbre
627 644 807 720 laetantur
824 647 973 743 feroces

446 760 516 835 His
533 760 673 835 inhiant
691 761 844 858 dapibus
862 764 1024 859 tyranni!

303 990 374 1066 Sed
391 991 517 1066 tendet
535 1003 638 1066 atrox
656 992 803 1067 insidias
820 1020 943 1089 nepos,

301 1107 428 1203 Regno
446 1117 596 1204 paterno
614 1119 650 1182 te
669 1108 769 1181 dabit
787 1108 930 1183 exulem

398 1221 593 1316 Romanus,
613 1223 834 1321 augebisque
851 1224 938 1298 fletu

448 1337 577 1434 (Crede
596 1337 695 1435 mihi)
717 1339 883 1414 Rhodani
900 1340 1044 1434 fluenta,

300 1566 487 1641 Lustrabis
506 1595 612 1664 agros
630 1567 761 1665 hospes
780 1568 928 1662 Iberiae,

299 1683 485 1757 Aerumna
502 1683 644 1780 franget
662 1695 697 1758 te
715 1684 907 1781 profugum
927 1712 1057 1779 eomes,
1077 1726 1079 1735 .

396 1799 420 1874 J
423 1798 519 1873 udex
537 1799 684 1892 sedebit,
705 1801 762 1874 eui
780 1801 805 1876 J
809 1827 942 1875 oannes

447 1912 586 1989 Stravit
604 1915 682 2011 iter,
701 1916 802 1991 Deus
820 1916 950 2012 Agnus
969 1916 1056 2013 ipse.

608 2223 711 2299 ODE
737 2224 844 2300 VIII.

645 2398 799 2473 ocum.

240 2631 242 2636 .
326 2581 428 2634 Emitte
446 2583 529 2633 lucem
548 2589 622 2633 tuam
641 2587 664 2632 et
682 2583 820 2631 veritatem
841 2579 999 2649 tuam.'(Ps.
1019 2581 1063 2650 42,
1082 2582 1122 2652 3).

300 2732 375 2807 Dat
392 2732 495 2807 nobis
513 2731 633 2806 oeulos
652 2732 882 2829 omnipotens
901 2732 1012 2828 Deus,

302 2846 381 2939 Quo
399 2875 469 2922 non
487 2858 542 2922 est
559 2847 694 2941 melior,
715 2873 786 2921 non
805 2846 1037 2945 sapientior...

301 2963 409 3038 Parvi
429 2962 635 3055 suntoculi,
657 2963 860 3060 prodigium
880 2962 949 3037 Dei

397 3078 551 3176 Experti
568 3077 700 3152 medici
719 3088 878 3175 stupent.

302 3309 341 3385 Si
359 3309 466 3384 tollas
483 3307 618 3401 oculos,
638 3306 738 3382 nulla
756 3307 832 3382 dies
850 3306 950 3401 nitet,

300 3423 350 3500 Et
366 3451 440 3498 nox
458 3422 599 3520 squalet
616 3422 720 3514 iners,
742 3422 813 3496 heu
831 3422 953 3496 miseri
971 3450 1081 3498 manu

300 3540 575 3615 Praetentamus
592 3539 671 3634 iter,
689 3538 726 3611 ni
742 3564 862 3613 eomes
880 3537 1034 3636 impiger

398 3656 559 3730 Incertos
577 3664 724 3729 moveat
741 3653 863 3752 pedes,

300 3887 383 3962 Heu
401 3887 493 3961 finnt
509 3884 648 3960 minimi
666 3884 813 3978 lumina,
834 3909 925 3982 quae
944 3883 1077 3978 valent,

299 4002 349 4078 Et
367 4002 504 4101 grando
522 4011 695 4098 segetum,
715 3999 861 4074 flamma
879 4025 991 4074 vorax
1010 4000 1146 4095 domus,

299 4117 410 4194 Latro
429 4143 558 4192 saevus
577 4142 695 4212 opum,
716 4126 800 4189 trux
817 4116 998 4213 pecudum
1017 4115 1124 4214 lupus

397 4233 580 4308 Virtutem
598 4258 639 4307 ae
657 4230 812 4329 pretium
830 4231 998 4330 probant.
