2930 4734
557 232 689 286 LIBER·
704 231 893 287 SEPTIMUS

144 389 323 514 Qriotidie,
343 445 547 518 poenasque
564 445 660 494 nova
677 419 811 494 virtute
829 417 971 492 luamus

144 535 326 627 Quotidie.

240 649 316 739 (G.)
335 649 489 749 Sapiens
505 649 573 724 hoc
590 647 684 723 collo
702 647 866 746 appende
883 647 1070 740 numisma,

144 764 250 856 Quod
267 765 332 839 tibi
350 792 444 840 nuno
459 764 562 839 tra'do
579 763 692 838 nitido
710 763 903 861 pretiosius
921 770 1017 837 auro.

132 881 226 956 -Hoo
243 908 311 978 ego
323 882 401 979 jam
419 880 554 954 dudum
571 905 651 952 sum
668 889 777 953 nacta
793 878 980 970 numisma,
1002 877 1171 952 sacerdos
1303 871 1307 879 ’

144 995 295 1090 Obtulit,
316 1008 352 1072 et
369 995 493 1094 quanti
512 995 586 1089 fiat,
604 1006 650 1086 te,
671 994 789 1088 Flora,
809 994 981 1068 docebo...

143 1112 344 1188 Poenarum
363 1111 498 1202 veniae,
520 1110 716 1206 veniaeque
733 1109 930 1206 frequentis
948 1109 1049 1205 origo

143 1225 225 1302 Hoc
243 1227 321 1302 erit.

240 1342 311 1428 (F.)
328 1341 422 1417 Eece
440 1341 547 1416 decus
564 1339 645 1414 colli
662 1340 859 1437 meliusque
877 1339 1024 1414 monilel

144 1457 252 1532 Nunc
272 1468 393 1531 ternos
411 1456 573 1531 describe
591 1455 679 1551 dies,
698 1455 860 1529 facienda
876 1482 1030 1548 recense,

143 1569 222 1646 Nos
239 1571 309 1646 alio
328 1571 478 1646 detorsit
495 1597 605 1648 amor.

240 1685 318 1774 (G.)
337 1686 568 1762 Suloavimus
586 1713 726 1785 aequor,

144 1801 371 1899 Contigimus
389 1814 531 1900 portum
550 1804 651 1878 coelo
669 1814 848 1900 ventoque
867 1802 1011 1878 favente

144 1916 224 2009 Quo
241 1917 330 1991 mihi
348 1944 475 1992 cursus
493 1919 586 1993 erat!
606 1917 736 1993 Tribus
754 1917 842 1992 haec
861 1917 932 1992 sint
950 1928 1030 1992 acta
1048 1915 1188 1992 diebus:
1256 1987 1258 1995 .

144 2032 267 2108 Prima
285 2032 361 2107 dies
379 2033 536 2131 culpam,
555 2060 778 2130 poenamque
796 2033 952 2108 secunda
971 2033 1119 2125 volutet,

142 2145 267 2223 Tertia
285 2174 481 2246 poenarum
499 2147 640 2222 veniam
659 2147 892 2224 meditabitur
909 2175 1028 2223 unam.

560 2598 815 2674 IDYLLIUM
840 2599 887 2674 V.
946 2700 950 2708 .

318 2872 549 2965 numus,
576 2873 884 2966 coronamus,
909 2875 1129 2950 nussum.

245 3181 316 3282 (R.)
338 3183 529 3281 Ingeniosa
547 3183 703 3282 placent:
725 3185 880 3260 delector
898 3184 1054 3282 imagine
1073 3183 1183 3283 picta,

144 3300 262 3393 Quam
280 3325 396 3397 nuper
414 3299 566 3374 Paulina
584 3299 691 3394 dedit,
707 3301 785 3399 jam
804 3300 949 3376 subdita
966 3300 1060 3374 vitro

144 3417 311 3492 Exornat
329 3415 486 3491 formosa
502 3428 631 3510 torum,
652 3418 841 3515 pariesque
860 3417 1034 3516 superbit.

241 3530 313 3622 (Ρ.)
331 3531 433 3606 Haec
452 3530 542 3606 mihi
559 3559 672 3629 parva
690 3532 758 3608 fuit
776 3531 986 3608 dulcissima
1009 3558 1151 3629 semper
1168 3530 1300 3628 imago,

140 3647 276 3724 Munus
292 3646 414 3745 imago
432 3646 510 3741 viri,
530 3674 601 3745 quo
618 3671 690 3722 non
707 3647 795 3721 mihi
814 3649 930 3723 carior
944 3648 1039 3722 ullus
1055 3691 1104 3701 -

140 3763 248 3838 Dona
265 3762 460 3838 sacerdotis
478 3789 629 3839 veneror
646 3762 811 3857 facunda,
831 3764 856 3839 J
860 3763 1005 3860 acobus,

140 3877 258 3970 Quem
274 3904 370 3953 nunc
388 3878 497 3953 busta
512 3888 649 3971 tenent,
670 3879 782 3954 sacris
799 3905 857 3953 me
875 3879 964 3954 lavit
981 3880 1018 3953 in
1036 3879 1151 3973 undis,

140 3993 204 4070 Me
223 3993 347 4070 docuit
366 4020 508 4091 semper
525 3993 673 4068 Domini
691 3995 752 4092 pia
769 3995 880 4070 verba
897 3995 1072 4093 puellam,

141 4107 323 4207 Spernere
341 4121 446 4206 turpe
463 4109 567 4184 nefas
584 4108 695 4185 didici
712 4122 909 4208 praeeunte
926 4111 1101 4209 magistro

136 4224 398 4324 Amplectique
415 4251 573 4302 crucem.
592 4224 700 4301 Nunc
717 4227 814 4326 (spes
830 4226 919 4302 mihi
937 4227 1035 4303 laeta
1052 4225 1227 4325 refulget)
