2972 4738
196 209 249 266 308
674 215 888 273 CARMINUM

197 406 276 482 Nec
295 433 394 481 mora
411 433 477 481 nec
496 406 646 504 requies,
667 416 891 504 protractum
909 430 1056 480 carmen
1074 405 1111 478 in
1129 430 1258 480 aevum

198 521 335 598 Taedia
351 521 451 596 nulla
467 533 625 597 movet...
644 522 786 597 fervens
804 522 918 596 oratio
937 522 1099 595 carmen!

295 638 464 712 Laudant
481 664 541 713 ore
559 639 688 733 Deum,
708 664 778 735 quo
797 648 881 711 sunt
898 648 1046 711 auctore
1063 635 1170 729 beati,

196 752 451 850 Virtutemque
469 752 588 827 crucis
605 751 736 826 fidibus
753 752 961 850 plectroque
978 761 1144 848 potentes

197 868 319 965 Atque
338 867 526 943 cicatrices
543 867 666 944 lateris
684 892 927 964 manuumque
944 865 1149 964 pedumque

196 984 389 1060 Extollunt
406 983 563 1077 Domini,
582 995 754 1059 renovato
772 983 932 1058 carmine
949 983 1073 1057 dicunt

197 1099 409 1198 Virgineam
427 1100 593 1193 Matrem,
613 1126 705 1198 quae
722 1099 803 1200 puri
821 1099 948 1174 nuntia
967 1097 1061 1173 Solis

81 1231 82 1235 ’
194 1213 337 1291 'Aurora
354 1214 492 1309 enituit,
513 1215 634 1290 divino
651 1215 815 1312 proxima
832 1215 931 1290 Nato

196 1331 305 1405 Nunc
324 1330 465 1428 Regina
482 1330 584 1406 sedet
601 1330 743 1405 cunctis
761 1329 977 1405 venerabilis
994 1357 1076 1404 una.

197 1445 365 1520 Laudant
382 1473 443 1522 ore
460 1446 589 1540 Deum,
611 1446 670 1544 qui
689 1445 797 1522 verbo
816 1444 978 1520 condidit
995 1446 1127 1537 orbern,

198 1560 304 1637 Orbis
321 1561 433 1637 totius
451 1562 595 1659 sapiens
612 1561 819 1637 moderatur
836 1560 1006 1657 habenas,

86 1767 88 1772 Ι
197 1676 313 1768 Quem
331 1705 432 1753 mens
448 1677 550 1752 nulla
568 1677 703 1775 capit...
722 1677 785 1753 sed
802 1676 952 1752 reddere
971 1677 1131 1752 carmina
1149 1675 1252 1752 vobis

145 1883 148 1895 1
197 1792 329 1867 Infelix
345 1820 485 1891 nequeo
503 1793 614 1868 densa
631 1791 787 1890 caligine
805 1819 955 1868 mersus.

294 1908 358 1983 Nil
375 1909 444 1984 sibi
461 1909 567 1984 turba
584 1909 677 2007 petit
693 1908 872 1984 thesauris
891 1935 1034 2006 semper
1051 1907 1238 1984 abundans

199 2023 385 2120 Omnibus
406 2036 444 2100 at
460 2024 562 2100 nobis
581 2035 747 2100 aeternae
765 2024 859 2098 dona
877 2025 1004 2099 salutis

85 2177 96 2198 ·
197 2141 384 2239 Expetit..,
404 2168 491 2216 ecoe
509 2140 609 2215 videt
627 2166 754 2214 securo
770 2139 914 2215 condita
932 2151 1040 2238 portu

133 2255 135 2262 ’
198 2255 350 2334 Eminus
367 2258 405 2332 in
423 2268 527 2332 vasto
545 2268 725 2332 certantes
743 2282 898 2354 aequore
914 2267 1054 2350 nautae,
1125 2339 1126 2346 ἵ

197 2372 248 2447 Et
265 2372 410 2470 fragiles
428 2372 552 2470 rapido
570 2384 760 2470 quassatas
777 2371 919 2446 turbine
936 2398 1115 2469 puppes...

196 2487 247 2562 Et
264 2488 365 2563 lubet
382 2489 565 2586 extemplo
583 2488 644 2586 pia
660 2487 776 2562 cordis
793 2513 957 2584 promere
975 2497 1069 2578 vota,

197 2603 251 2678 Ut
268 2604 410 2701 fugiant
425 2604 550 2697 nubes,
570 2614 707 2701 ponant
725 2603 860 2678 lassata
876 2603 1033 2678 furorem

198 2719 389 2813 Marmora,
409 2718 467 2794 vel
486 2718 615 2794 saltem
634 2719 770 2817 spirent
787 2718 999 2794 clementius
1017 2719 1154 2813 Austri,

197 2836 246 2910 Et
263 2823 396 2911 nautae
413 2834 587 2933 impavidi
605 2835 836 2910 moderentur
853 2833 936 2909 vela
952 2861 1017 2932 per
1035 2834 1160 2911 undas·

198 2951 291 3026 Sunt
307 2977 420 3050 prope
437 2977 502 3025 nos
521 2950 653 3044 Sancti,
674 2951 839 3048 quamvis
857 2951 1049 3026 videantur
1066 2952 1204 3046 abesse.

196 3067 332 3142 Fervet
349 3093 449 3142 amor
465 3067 579 3160 Fidei,
600 3067 753 3164 supplex
771 3066 884 3141 oratio
901 3067 1068 3164 prodest!

294 3181 368 3272 (O.)
386 3181 559 3256 Fundunt
577 3205 637 3257 ore
656 3208 782 3279 preces
800 3180 963 3257 homines
982 3210 1134 3281 quoque,
1155 3181 1300 3281 saepius

416 3375 417 3380 ,
1239 3310 1366 3377 autem

197 3414 303 3488 Mens
320 3413 454 3510 ignava
471 3413 563 3508 silet,
584 3415 738 3489 subeunt
754 3415 902 3511 negotia
919 3415 1027 3510 vitae,

198 3532 270 3608 Oor
288 3531 404 3605 simile
422 3541 478 3605 est
496 3530 604 3624 cauti,
624 3530 691 3604 rivi
711 3531 882 3606 sitiuntur
900 3557 1087 3629 equarum,

200 3629 297 3704 Rara
314 3628 446 3725 placet,
465 3628 672 3726 languescit
690 3628 785 3703 iners
804 3629 917 3705 oratio
934 3641 1068 3722 nostra,

198 3745 267 3820 Est
284 3745 443 3820 humeris
461 3745 611 3843 pondus,
632 3772 705 3819 non
725 3772 810 3819 vero
829 3772 915 3820 cara
934 3745 1112 3845 voluptas

200 3861 253 3936 Ut
270 3861 373 3959 pueri
389 3860 578 3959 loquimur,
600 3861 765 3960 quamvis
783 3873 904 3937 aetate
921 3889 1130 3960 gravemur,

199 3977 315 4052 Deme
333 3976 475 4085 librum,
487 3979 566 4077 jam
585 3976 687 4053 labra
704 3989 835 4073 tacent,
856 4005 927 4054 non
945 3979 1119 4054 discimus
1137 3988 1251 4053 artem

198 4093 369 4173 Orandi...
388 4093 508 4170 miseri
528 4121 649 4170 sane...
668 4094 872 4170 rarissimus
890 4094 986 4169 oratl

195 4213 317 4288 Labra
334 4237 480 4287 movere
498 4211 559 4285 diu
576 4238 648 4286 non
667 4223 724 4288 est
742 4237 852 4305 orare,
873 4238 957 4310 pree
