<?xml version="1.0" encoding="UTF-8"?>
<!DOCTYPE html PUBLIC "-//W3C//DTD XHTML 1.0 Transitional//EN"
    "http://www.w3.org/TR/xhtml1/DTD/xhtml1-transitional.dtd">
<html xmlns="http://www.w3.org/1999/xhtml" xml:lang="en" lang="en">
 <head>
  <title>
</title>
<meta http-equiv="Content-Type" content="text/html;charset=utf-8" />
  <meta name='ocr-system' content='tesseract 3.04.00' />
  <meta name='ocr-capabilities' content='ocr_page ocr_carea ocr_par ocr_line ocrx_word'/>
</head>
<body>
  <div class='ocr_page' id='page_1' title='image "./carminumlibrioc00schngoog_0388.png"; bbox 0 0 2930 4734; ppageno 0'>
   <div class='ocr_carea' id='block_1_1' title="bbox 517 231 855 290">
    <p class='ocr_par' dir='ltr' id='par_1_1' title="bbox 517 231 855 290">
     <span class='ocr_line' id='line_1_1' title="bbox 517 231 855 290; baseline 0.003 -3"><span class='ocrx_word' id='word_1_1' title='bbox 517 231 638 288; x_wconf 78' lang='lat' dir='ltr'>LIBER</span> <span class='ocrx_word' id='word_1_2' title='bbox 665 234 855 290; x_wconf 82' lang='lat' dir='ltr'>SEPTIMUS</span> 
     </span>
    </p>
   </div>
   <div class='ocr_carea' id='block_1_2' title="bbox 87 417 1220 4326">
    <p class='ocr_par' dir='ltr' id='par_1_2' title="bbox 87 417 1220 4326">
     <span class='ocr_line' id='line_1_2' title="bbox 105 417 1065 517; baseline -0.002 -21"><span class='ocrx_word' id='word_1_3' title='bbox 105 417 241 517; x_wconf 83' lang='lat' dir='ltr'>Verba3</span> <span class='ocrx_word' id='word_1_4' title='bbox 261 419 402 496; x_wconf 83' lang='lat' dir='ltr'>sitimus</span> <span class='ocrx_word' id='word_1_5' title='bbox 421 447 565 517; x_wconf 88' lang='lat' dir='ltr'>aquam:</span> <span class='ocrx_word' id='word_1_6' title='bbox 586 421 751 497; x_wconf 82' lang='lat' dir='ltr'>sitiamus</span> <span class='ocrx_word' id='word_1_7' title='bbox 769 447 920 496; x_wconf 91' lang='lat' dir='ltr'>amoena</span> <span class='ocrx_word' id='word_1_8' title='bbox 938 420 1065 495; x_wconf 87' lang='lat' dir='ltr'>salutis</span> 
     </span>
     <span class='ocr_line' id='line_1_3' title="bbox 104 533 1007 634; baseline 0.001 -25"><span class='ocrx_word' id='word_1_9' title='bbox 104 533 271 633; x_wconf 72' lang='lat' dir='ltr'>Munera,</span> <span class='ocrx_word' id='word_1_10' title='bbox 289 535 531 634; x_wconf 84' lang='lat' dir='ltr'>nequidquam</span> <span class='ocrx_word' id='word_1_11' title='bbox 549 537 682 634; x_wconf 91' lang='lat' dir='ltr'>populo</span> <span class='ocrx_word' id='word_1_12' title='bbox 700 535 880 612; x_wconf 88' lang='lat' dir='ltr'>clamante</span> <span class='ocrx_word' id='word_1_13' title='bbox 899 536 1007 612; x_wconf 79' lang='lat' dir='ltr'>Pilati</span> 
     </span>
     <span class='ocr_line' id='line_1_4' title="bbox 105 649 1008 749; baseline -0.003 -22"><span class='ocrx_word' id='word_1_14' title='bbox 105 649 215 727; x_wconf 90' lang='lat' dir='ltr'>Unda</span> <span class='ocrx_word' id='word_1_15' title='bbox 231 677 358 726; x_wconf 92' lang='lat' dir='ltr'>manus</span> <span class='ocrx_word' id='word_1_16' title='bbox 376 650 480 748; x_wconf 87' lang='lat' dir='ltr'>lavit;</span> <span class='ocrx_word' id='word_1_17' title='bbox 500 652 675 727; x_wconf 90' lang='lat' dir='ltr'>scelerum</span> <span class='ocrx_word' id='word_1_18' title='bbox 693 652 839 749; x_wconf 89' lang='lat' dir='ltr'>punitor</span> <span class='ocrx_word' id='word_1_19' title='bbox 856 652 1008 727; x_wconf 90' lang='lat' dir='ltr'>acerbus</span> 
     </span>
     <span class='ocr_line' id='line_1_5' title="bbox 105 761 1010 865; baseline -0.001 -24"><span class='ocrx_word' id='word_1_20' title='bbox 105 765 296 843; x_wconf 83' lang='lat' dir='ltr'>Indomitis</span> <span class='ocrx_word' id='word_1_21' title='bbox 313 766 418 842; x_wconf 89' lang='lat' dir='ltr'>undis</span> <span class='ocrx_word' id='word_1_22' title='bbox 437 761 621 852; x_wconf 87' lang='lat' dir='ltr'>hominum</span> <span class='ocrx_word' id='word_1_23' title='bbox 639 793 754 865; x_wconf 91' lang='lat' dir='ltr'>genus</span> <span class='ocrx_word' id='word_1_24' title='bbox 772 793 876 842; x_wconf 92' lang='lat' dir='ltr'>omne</span> <span class='ocrx_word' id='word_1_25' title='bbox 893 767 1010 864; x_wconf 87' lang='lat' dir='ltr'>perire</span> 
     </span>
     <span class='ocr_line' id='line_1_6' title="bbox 105 879 1220 980; baseline 0.002 -25"><span class='ocrx_word' id='word_1_26' title='bbox 105 879 229 978; x_wconf 79' lang='lat' dir='ltr'>Iussit3</span> <span class='ocrx_word' id='word_1_27' title='bbox 248 880 356 957; x_wconf 94' lang='lat' dir='ltr'>homo</span> <span class='ocrx_word' id='word_1_28' title='bbox 373 881 545 979; x_wconf 81' lang='lat' dir='ltr'>graditur,</span> <span class='ocrx_word' id='word_1_29' title='bbox 566 908 716 956; x_wconf 90' lang='lat' dir='ltr'>curvum</span> <span class='ocrx_word' id='word_1_30' title='bbox 735 881 866 979; x_wconf 87' lang='lat' dir='ltr'>premit</span> <span class='ocrx_word' id='word_1_31' title='bbox 885 881 1059 980; x_wconf 88' lang='lat' dir='ltr'>amphora</span> <span class='ocrx_word' id='word_1_32' title='bbox 1076 891 1220 979; x_wconf 90' lang='lat' dir='ltr'>tergum</span> 
     </span>
     <span class='ocr_line' id='line_1_7' title="bbox 105 995 1059 1097; baseline -0.002 -25"><span class='ocrx_word' id='word_1_33' title='bbox 105 998 218 1073; x_wconf 88' lang='lat' dir='ltr'>Dives</span> <span class='ocrx_word' id='word_1_34' title='bbox 236 1024 362 1095; x_wconf 87' lang='lat' dir='ltr'>aquae,</span> <span class='ocrx_word' id='word_1_35' title='bbox 382 1008 619 1097; x_wconf 83' lang='lat' dir='ltr'>penetratque</span> <span class='ocrx_word' id='word_1_36' title='bbox 638 997 792 1090; x_wconf 93' lang='lat' dir='ltr'>domum,</span> <span class='ocrx_word' id='word_1_37' title='bbox 812 995 969 1072; x_wconf 89' lang='lat' dir='ltr'>triclinia</span> <span class='ocrx_word' id='word_1_38' title='bbox 985 997 1059 1070; x_wconf 92' lang='lat' dir='ltr'>bini</span> 
     </span>
     <span class='ocr_line' id='line_1_8' title="bbox 104 1112 1053 1210; baseline -0.003 -22"><span class='ocrx_word' id='word_1_39' title='bbox 104 1112 285 1210; x_wconf 84' lang='lat' dir='ltr'>Discipuli</span> <span class='ocrx_word' id='word_1_40' title='bbox 302 1113 489 1188; x_wconf 88' lang='lat' dir='ltr'>inveniunt</span> <span class='ocrx_word' id='word_1_41' title='bbox 507 1113 533 1188; x_wconf 87' lang='lat' dir='ltr'><strong>J</strong></span> <span class='ocrx_word' id='word_1_42' title='bbox 536 1139 613 1209; x_wconf 82' lang='lat' dir='ltr'>esu3</span> <span class='ocrx_word' id='word_1_43' title='bbox 634 1112 734 1188; x_wconf 89' lang='lat' dir='ltr'>sedet</span> <span class='ocrx_word' id='word_1_44' title='bbox 752 1140 839 1188; x_wconf 90' lang='lat' dir='ltr'>ecce</span> <span class='ocrx_word' id='word_1_45' title='bbox 858 1113 1053 1188; x_wconf 87' lang='lat' dir='ltr'>Redemtor</span> 
     </span>
     <span class='ocr_line' id='line_1_9' title="bbox 104 1226 1017 1327; baseline -0.002 -23"><span class='ocrx_word' id='word_1_46' title='bbox 104 1229 164 1304; x_wconf 82' lang='lat' dir='ltr'>Ad</span> <span class='ocrx_word' id='word_1_47' title='bbox 181 1239 340 1327; x_wconf 88' lang='lat' dir='ltr'>puteum,</span> <span class='ocrx_word' id='word_1_48' title='bbox 360 1228 558 1325; x_wconf 88' lang='lat' dir='ltr'>mulierque</span> <span class='ocrx_word' id='word_1_49' title='bbox 577 1228 685 1322; x_wconf 80' lang='lat' dir='ltr'>venit,</span> <span class='ocrx_word' id='word_1_50' title='bbox 705 1226 875 1326; x_wconf 82' lang='lat' dir='ltr'>facilique</span> <span class='ocrx_word' id='word_1_51' title='bbox 893 1228 1017 1302; x_wconf 86' lang='lat' dir='ltr'>labore</span> 
     </span>
     <span class='ocr_line' id='line_1_10' title="bbox 106 1343 1118 1443; baseline -0.001 -27"><span class='ocrx_word' id='word_1_52' title='bbox 106 1343 222 1420; x_wconf 87' lang='lat' dir='ltr'>Fonte</span> <span class='ocrx_word' id='word_1_53' title='bbox 240 1345 408 1443; x_wconf 88' lang='lat' dir='ltr'>perennis</span> <span class='ocrx_word' id='word_1_54' title='bbox 427 1369 540 1442; x_wconf 89' lang='lat' dir='ltr'>aquae</span> <span class='ocrx_word' id='word_1_55' title='bbox 558 1343 714 1418; x_wconf 93' lang='lat' dir='ltr'>Domino</span> <span class='ocrx_word' id='word_1_56' title='bbox 731 1355 953 1421; x_wconf 82' lang='lat' dir='ltr'>monstrante</span> <span class='ocrx_word' id='word_1_57' title='bbox 972 1344 1118 1442; x_wconf 88' lang='lat' dir='ltr'>potitur.</span> 
     </span>
     <span class='ocr_line' id='line_1_11' title="bbox 203 1459 1153 1558; baseline -0.001 -25"><span class='ocrx_word' id='word_1_58' title='bbox 203 1459 271 1558; x_wconf 79' lang='lat' dir='ltr'>(F.)</span> <span class='ocrx_word' id='word_1_59' title='bbox 292 1459 330 1536; x_wconf 82' lang='lat' dir='ltr'>si</span> <span class='ocrx_word' id='word_1_60' title='bbox 348 1460 436 1535; x_wconf 93' lang='lat' dir='ltr'>mihi</span> <span class='ocrx_word' id='word_1_61' title='bbox 453 1460 650 1553; x_wconf 69' lang='lat' dir='ltr'>carbaseos</span> <span class='ocrx_word' id='word_1_62' title='bbox 671 1459 700 1533; x_wconf 90' lang='lat' dir='ltr'>si</span> <span class='ocrx_word' id='word_1_63' title='bbox 719 1469 840 1535; x_wconf 86' lang='lat' dir='ltr'>vestes</span> <span class='ocrx_word' id='word_1_64' title='bbox 857 1460 995 1534; x_wconf 89' lang='lat' dir='ltr'>murice</span> <span class='ocrx_word' id='word_1_65' title='bbox 1012 1459 1153 1552; x_wconf 89' lang='lat' dir='ltr'>tinctas,</span> 
     </span>
     <span class='ocr_line' id='line_1_12' title="bbox 104 1574 913 1672; baseline 0 -22"><span class='ocrx_word' id='word_1_66' title='bbox 104 1575 144 1650; x_wconf 79' lang='lat' dir='ltr'>Si</span> <span class='ocrx_word' id='word_1_67' title='bbox 163 1602 325 1672; x_wconf 87' lang='lat' dir='ltr'>gemmas</span> <span class='ocrx_word' id='word_1_68' title='bbox 342 1575 464 1672; x_wconf 84' lang='lat' dir='ltr'>digito,</span> <span class='ocrx_word' id='word_1_69' title='bbox 486 1575 515 1649; x_wconf 90' lang='lat' dir='ltr'>si</span> <span class='ocrx_word' id='word_1_70' title='bbox 533 1574 641 1672; x_wconf 89' lang='lat' dir='ltr'>longa</span> <span class='ocrx_word' id='word_1_71' title='bbox 658 1575 806 1649; x_wconf 90' lang='lat' dir='ltr'>monilia</span> <span class='ocrx_word' id='word_1_72' title='bbox 822 1574 913 1650; x_wconf 92' lang='lat' dir='ltr'>collo</span> 
     </span>
     <span class='ocr_line' id='line_1_13' title="bbox 101 1689 1132 1789; baseline -0.001 -25"><span class='ocrx_word' id='word_1_73' title='bbox 101 1689 224 1789; x_wconf 90' lang='lat' dir='ltr'>Larga</span> <span class='ocrx_word' id='word_1_74' title='bbox 241 1691 355 1784; x_wconf 88' lang='lat' dir='ltr'>dares,</span> <span class='ocrx_word' id='word_1_75' title='bbox 374 1690 513 1764; x_wconf 90' lang='lat' dir='ltr'>minimi</span> <span class='ocrx_word' id='word_1_76' title='bbox 530 1690 657 1765; x_wconf 86' lang='lat' dir='ltr'>fierent</span> <span class='ocrx_word' id='word_1_77' title='bbox 675 1690 764 1764; x_wconf 89' lang='lat' dir='ltr'>haec</span> <span class='ocrx_word' id='word_1_78' title='bbox 775 1695 941 1787; x_wconf 87' lang='lat' dir='ltr'>munera,</span> <span class='ocrx_word' id='word_1_79' title='bbox 961 1690 1132 1765; x_wconf 79' lang='lat' dir='ltr'>Gemma!</span> 
     </span>
     <span class='ocr_line' id='line_1_14' title="bbox 100 1803 1086 1903; baseline 0 -23"><span class='ocrx_word' id='word_1_80' title='bbox 100 1803 133 1880; x_wconf 94' lang='lat' dir='ltr'>F</span> <span class='ocrx_word' id='word_1_81' title='bbox 136 1833 193 1880; x_wconf 84' lang='lat' dir='ltr'>ers</span> <span class='ocrx_word' id='word_1_82' title='bbox 210 1805 297 1880; x_wconf 91' lang='lat' dir='ltr'>mihi</span> <span class='ocrx_word' id='word_1_83' title='bbox 315 1806 419 1903; x_wconf 91' lang='lat' dir='ltr'>plura</span> <span class='ocrx_word' id='word_1_84' title='bbox 436 1832 543 1898; x_wconf 91' lang='lat' dir='ltr'>soror,</span> <span class='ocrx_word' id='word_1_85' title='bbox 563 1805 651 1880; x_wconf 92' lang='lat' dir='ltr'>mihi</span> <span class='ocrx_word' id='word_1_86' title='bbox 670 1805 741 1880; x_wconf 88' lang='lat' dir='ltr'>fers</span> <span class='ocrx_word' id='word_1_87' title='bbox 758 1806 910 1903; x_wconf 77' lang='lat' dir='ltr'>majora!</span> <span class='ocrx_word' id='word_1_88' title='bbox 930 1806 1086 1881; x_wconf 89' lang='lat' dir='ltr'>Facetae</span> 
     </span>
     <span class='ocr_line' id='line_1_15' title="bbox 100 1921 1075 2016; baseline -0.001 -20"><span class='ocrx_word' id='word_1_89' title='bbox 100 1921 259 1996; x_wconf 90' lang='lat' dir='ltr'>Lumina</span> <span class='ocrx_word' id='word_1_90' title='bbox 276 1922 361 1996; x_wconf 91' lang='lat' dir='ltr'>bina</span> <span class='ocrx_word' id='word_1_91' title='bbox 379 1922 449 2016; x_wconf 93' lang='lat' dir='ltr'>diu,</span> <span class='ocrx_word' id='word_1_92' title='bbox 470 1921 532 1997; x_wconf 92' lang='lat' dir='ltr'>sed</span> <span class='ocrx_word' id='word_1_93' title='bbox 551 1948 622 1996; x_wconf 85' lang='lat' dir='ltr'>nox</span> <span class='ocrx_word' id='word_1_94' title='bbox 639 1922 786 1996; x_wconf 91' lang='lat' dir='ltr'>inimica</span> <span class='ocrx_word' id='word_1_95' title='bbox 803 1923 955 1996; x_wconf 91' lang='lat' dir='ltr'>nitorem</span> <span class='ocrx_word' id='word_1_96' title='bbox 1063 1923 1075 1940; x_wconf 83' lang='grc'><strong>“</strong></span> 
     </span>
     <span class='ocr_line' id='line_1_16' title="bbox 99 2038 935 2136; baseline -0.001 -24"><span class='ocrx_word' id='word_1_97' title='bbox 99 2038 249 2136; x_wconf 83' lang='lat' dir='ltr'>Eripuit</span> <span class='ocrx_word' id='word_1_98' title='bbox 266 2038 367 2113; x_wconf 82' lang='lat' dir='ltr'>solis!</span> <span class='ocrx_word' id='word_1_99' title='bbox 388 2038 562 2136; x_wconf 81' lang='lat' dir='ltr'>Spectant</span> <span class='ocrx_word' id='word_1_100' title='bbox 579 2038 775 2112; x_wconf 88' lang='lat' dir='ltr'>animantia</span> <span class='ocrx_word' id='word_1_101' title='bbox 791 2048 935 2130; x_wconf 89' lang='lat' dir='ltr'>terram,</span> 
     </span>
     <span class='ocr_line' id='line_1_17' title="bbox 101 2152 956 2250; baseline -0.001 -23"><span class='ocrx_word' id='word_1_102' title='bbox 101 2154 208 2245; x_wconf 80' lang='lat' dir='ltr'>Quae</span> <span class='ocrx_word' id='word_1_103' title='bbox 226 2154 365 2228; x_wconf 91' lang='lat' dir='ltr'>ratione</span> <span class='ocrx_word' id='word_1_104' title='bbox 384 2164 518 2246; x_wconf 87' lang='lat' dir='ltr'>carent,</span> <span class='ocrx_word' id='word_1_105' title='bbox 539 2152 668 2226; x_wconf 89' lang='lat' dir='ltr'>mulier</span> <span class='ocrx_word' id='word_1_106' title='bbox 686 2152 823 2226; x_wconf 89' lang='lat' dir='ltr'>ratione</span> <span class='ocrx_word' id='word_1_107' title='bbox 841 2153 956 2250; x_wconf 87' lang='lat' dir='ltr'>potita</span> 
     </span>
     <span class='ocr_line' id='line_1_18' title="bbox 99 2267 1085 2365; baseline -0.004 -21"><span class='ocrx_word' id='word_1_108' title='bbox 99 2271 177 2344; x_wconf 91' lang='lat' dir='ltr'>Par</span> <span class='ocrx_word' id='word_1_109' title='bbox 193 2269 308 2344; x_wconf 88' lang='lat' dir='ltr'>brutis</span> <span class='ocrx_word' id='word_1_110' title='bbox 324 2279 475 2361; x_wconf 89' lang='lat' dir='ltr'>tantum,</span> <span class='ocrx_word' id='word_1_111' title='bbox 496 2294 586 2365; x_wconf 91' lang='lat' dir='ltr'>quae</span> <span class='ocrx_word' id='word_1_112' title='bbox 605 2275 688 2342; x_wconf 88' lang='lat' dir='ltr'>sunt</span> <span class='ocrx_word' id='word_1_113' title='bbox 704 2267 882 2365; x_wconf 89' lang='lat' dir='ltr'>propiora,</span> <span class='ocrx_word' id='word_1_114' title='bbox 903 2267 1085 2364; x_wconf 75' lang='lat' dir='ltr'>videbam3</span> 
     </span>
     <span class='ocr_line' id='line_1_19' title="bbox 99 2382 1014 2481; baseline -0.005 -18"><span class='ocrx_word' id='word_1_115' title='bbox 99 2386 157 2463; x_wconf 87' lang='lat' dir='ltr'>Os</span> <span class='ocrx_word' id='word_1_116' title='bbox 174 2385 309 2460; x_wconf 90' lang='lat' dir='ltr'>homini</span> <span class='ocrx_word' id='word_1_117' title='bbox 326 2384 479 2460; x_wconf 90' lang='lat' dir='ltr'>sublime</span> <span class='ocrx_word' id='word_1_118' title='bbox 497 2383 604 2476; x_wconf 83' lang='lat' dir='ltr'>dedit,</span> <span class='ocrx_word' id='word_1_119' title='bbox 624 2383 684 2481; x_wconf 93' lang='lat' dir='ltr'>qui</span> <span class='ocrx_word' id='word_1_120' title='bbox 702 2382 860 2457; x_wconf 87' lang='lat' dir='ltr'>condidit</span> <span class='ocrx_word' id='word_1_121' title='bbox 878 2383 1014 2458; x_wconf 92' lang='lat' dir='ltr'>orbem:</span> 
     </span>
     <span class='ocr_line' id='line_1_20' title="bbox 96 2497 971 2596; baseline -0.005 -20"><span class='ocrx_word' id='word_1_122' title='bbox 96 2501 228 2576; x_wconf 90' lang='lat' dir='ltr'>Altius</span> <span class='ocrx_word' id='word_1_123' title='bbox 246 2501 435 2576; x_wconf 89' lang='lat' dir='ltr'>ascendam</span> <span class='ocrx_word' id='word_1_124' title='bbox 454 2499 580 2596; x_wconf 90' lang='lat' dir='ltr'>pennis</span> <span class='ocrx_word' id='word_1_125' title='bbox 598 2497 810 2596; x_wconf 90' lang='lat' dir='ltr'>coelumque</span> <span class='ocrx_word' id='word_1_126' title='bbox 827 2498 971 2573; x_wconf 83' lang='lat' dir='ltr'>tuebor!</span> 
     </span>
     <span class='ocr_line' id='line_1_21' title="bbox 146 2613 1168 2714; baseline -0.004 -23"><span class='ocrx_word' id='word_1_127' title='bbox 146 2652 149 2658; x_wconf 49' lang='lat'><em>⁷</em></span> <span class='ocrx_word' id='word_1_128' title='bbox 203 2616 280 2714; x_wconf 80' lang='lat' dir='ltr'><strong>(G.)</strong></span> <span class='ocrx_word' id='word_1_129' title='bbox 299 2615 473 2690; x_wconf 91' lang='lat' dir='ltr'>Laudabo</span> <span class='ocrx_word' id='word_1_130' title='bbox 492 2613 697 2709; x_wconf 87' lang='lat' dir='ltr'>Dominum,</span> <span class='ocrx_word' id='word_1_131' title='bbox 716 2614 776 2712; x_wconf 92' lang='lat' dir='ltr'>qui</span> <span class='ocrx_word' id='word_1_132' title='bbox 794 2624 830 2688; x_wconf 91' lang='lat' dir='ltr'>te</span> <span class='ocrx_word' id='word_1_133' title='bbox 848 2613 1014 2689; x_wconf 87' lang='lat' dir='ltr'>calefecit</span> <span class='ocrx_word' id='word_1_134' title='bbox 1031 2613 1168 2688; x_wconf 77' lang='lat' dir='ltr'>amore!</span> 
     </span>
     <span class='ocr_line' id='line_1_22' title="bbox 93 2729 1038 2827; baseline -0.004 -21"><span class='ocrx_word' id='word_1_135' title='bbox 93 2734 221 2824; x_wconf 81' lang='lat' dir='ltr'>Quem</span> <span class='ocrx_word' id='word_1_136' title='bbox 240 2730 457 2806; x_wconf 89' lang='lat' dir='ltr'>comitantur</span> <span class='ocrx_word' id='word_1_137' title='bbox 475 2756 571 2827; x_wconf 90' lang='lat' dir='ltr'>opes,</span> <span class='ocrx_word' id='word_1_138' title='bbox 593 2729 688 2804; x_wconf 93' lang='lat' dir='ltr'>elata</span> <span class='ocrx_word' id='word_1_139' title='bbox 705 2729 822 2804; x_wconf 88' lang='lat' dir='ltr'>fronte</span> <span class='ocrx_word' id='word_1_140' title='bbox 838 2740 1038 2804; x_wconf 90' lang='lat' dir='ltr'>tumentem</span> 
     </span>
     <span class='ocr_line' id='line_1_23' title="bbox 92 2844 873 2945; baseline -0.006 -22"><span class='ocrx_word' id='word_1_141' title='bbox 92 2846 279 2945; x_wconf 86' lang='lat' dir='ltr'>Despicit,</span> <span class='ocrx_word' id='word_1_142' title='bbox 301 2845 407 2921; x_wconf 88' lang='lat' dir='ltr'>elisos</span> <span class='ocrx_word' id='word_1_143' title='bbox 425 2844 530 2937; x_wconf 89' lang='lat' dir='ltr'>tollit,</span> <span class='ocrx_word' id='word_1_144' title='bbox 550 2845 739 2919; x_wconf 88' lang='lat' dir='ltr'>miseretur</span> <span class='ocrx_word' id='word_1_145' title='bbox 758 2844 873 2941; x_wconf 90' lang='lat' dir='ltr'>egeni.</span> 
     </span>
     <span class='ocr_line' id='line_1_24' title="bbox 93 2959 904 3059; baseline -0.007 -21"><span class='ocrx_word' id='word_1_146' title='bbox 93 2965 130 3038; x_wconf 89' lang='lat' dir='ltr'>F</span> <span class='ocrx_word' id='word_1_147' title='bbox 133 2972 307 3037; x_wconf 88' lang='lat' dir='ltr'>ortunata</span> <span class='ocrx_word' id='word_1_148' title='bbox 325 2960 410 3052; x_wconf 91' lang='lat' dir='ltr'>dies,</span> <span class='ocrx_word' id='word_1_149' title='bbox 430 2985 521 3058; x_wconf 89' lang='lat' dir='ltr'>quac</span> <span class='ocrx_word' id='word_1_150' title='bbox 538 2971 576 3033; x_wconf 90' lang='lat' dir='ltr'>te</span> <span class='ocrx_word' id='word_1_151' title='bbox 594 2959 771 3055; x_wconf 88' lang='lat' dir='ltr'>fugientia</span> <span class='ocrx_word' id='word_1_152' title='bbox 787 2971 904 3059; x_wconf 88' lang='lat' dir='ltr'>terrae</span> 
     </span>
     <span class='ocr_line' id='line_1_25' title="bbox 94 3073 1008 3176; baseline -0.009 -21"><span class='ocrx_word' id='word_1_153' title='bbox 94 3079 293 3176; x_wconf 84' lang='lat' dir='ltr'>Spernere,</span> <span class='ocrx_word' id='word_1_154' title='bbox 312 3087 349 3150; x_wconf 85' lang='lat' dir='ltr'>te</span> <span class='ocrx_word' id='word_1_155' title='bbox 367 3075 490 3149; x_wconf 90' lang='lat' dir='ltr'>docuit</span> <span class='ocrx_word' id='word_1_156' title='bbox 507 3100 676 3148; x_wconf 89' lang='lat' dir='ltr'>mansura</span> <span class='ocrx_word' id='word_1_157' title='bbox 692 3100 880 3171; x_wconf 88' lang='lat' dir='ltr'>capessere</span> <span class='ocrx_word' id='word_1_158' title='bbox 898 3073 1008 3147; x_wconf 80' lang='lat' dir='ltr'>dona!</span> 
     </span>
     <span class='ocr_line' id='line_1_26' title="bbox 92 3188 939 3288; baseline -0.011 -17"><span class='ocrx_word' id='word_1_159' title='bbox 92 3193 225 3286; x_wconf 84' lang='lat' dir='ltr'>Salve,</span> <span class='ocrx_word' id='word_1_160' title='bbox 246 3219 330 3267; x_wconf 89' lang='lat' dir='ltr'>cara</span> <span class='ocrx_word' id='word_1_161' title='bbox 348 3216 456 3282; x_wconf 87' lang='lat' dir='ltr'>soror,</span> <span class='ocrx_word' id='word_1_162' title='bbox 477 3200 513 3263; x_wconf 91' lang='lat' dir='ltr'>te</span> <span class='ocrx_word' id='word_1_163' title='bbox 531 3189 676 3263; x_wconf 89' lang='lat' dir='ltr'>Floram</span> <span class='ocrx_word' id='word_1_164' title='bbox 688 3190 770 3288; x_wconf 86' lang='lat' dir='ltr'>jure</span> <span class='ocrx_word' id='word_1_165' title='bbox 789 3188 939 3284; x_wconf 85' lang='lat' dir='ltr'>vocabu,</span> 
     </span>
     <span class='ocr_line' id='line_1_27' title="bbox 91 3301 1037 3407; baseline -0.008 -21"><span class='ocrx_word' id='word_1_166' title='bbox 91 3312 242 3407; x_wconf 87' lang='lat' dir='ltr'>Carpet</span> <span class='ocrx_word' id='word_1_167' title='bbox 260 3301 353 3383; x_wconf 92' lang='lat' dir='ltr'>enim</span> <span class='ocrx_word' id='word_1_168' title='bbox 371 3308 485 3400; x_wconf 90' lang='lat' dir='ltr'>flores,</span> <span class='ocrx_word' id='word_1_169' title='bbox 506 3333 596 3404; x_wconf 88' lang='lat' dir='ltr'>quos</span> <span class='ocrx_word' id='word_1_170' title='bbox 614 3305 705 3380; x_wconf 88' lang='lat' dir='ltr'>coeli</span> <span class='ocrx_word' id='word_1_171' title='bbox 724 3305 886 3380; x_wconf 83' lang='lat' dir='ltr'>continet</span> <span class='ocrx_word' id='word_1_172' title='bbox 903 3304 1037 3396; x_wconf 87' lang='lat' dir='ltr'>hortus,</span> 
     </span>
     <span class='ocr_line' id='line_1_28' title="bbox 89 3420 1055 3524; baseline -0.007 -24"><span class='ocrx_word' id='word_1_173' title='bbox 89 3426 296 3524; x_wconf 83' lang='lat' dir='ltr'>Ingeniosa</span> <span class='ocrx_word' id='word_1_174' title='bbox 312 3449 455 3519; x_wconf 78' lang='lat' dir='ltr'>manns3</span> <span class='ocrx_word' id='word_1_175' title='bbox 474 3465 523 3476; x_wconf 87' lang='lat'>--</span> <span class='ocrx_word' id='word_1_176' title='bbox 540 3421 602 3496; x_wconf 91' lang='lat' dir='ltr'>sed</span> <span class='ocrx_word' id='word_1_177' title='bbox 620 3447 714 3495; x_wconf 91' lang='lat' dir='ltr'>nunc</span> <span class='ocrx_word' id='word_1_178' title='bbox 735 3421 780 3495; x_wconf 91' lang='lat' dir='ltr'>da</span> <span class='ocrx_word' id='word_1_179' title='bbox 797 3420 893 3495; x_wconf 89' lang='lat' dir='ltr'>floris</span> <span class='ocrx_word' id='word_1_180' title='bbox 914 3420 1055 3494; x_wconf 90' lang='lat' dir='ltr'>odorem</span> 
     </span>
     <span class='ocr_line' id='line_1_29' title="bbox 87 3535 1071 3635; baseline -0.009 -16"><span class='ocrx_word' id='word_1_181' title='bbox 87 3539 261 3619; x_wconf 83' lang='lat' dir='ltr'>Naribus</span> <span class='ocrx_word' id='word_1_182' title='bbox 281 3538 369 3635; x_wconf 84' lang='lat' dir='ltr'>(oro)</span> <span class='ocrx_word' id='word_1_183' title='bbox 388 3539 494 3613; x_wconf 82' lang='lat' dir='ltr'>meisi</span> <span class='ocrx_word' id='word_1_184' title='bbox 514 3536 626 3612; x_wconf 88' lang='lat' dir='ltr'>oculis</span> <span class='ocrx_word' id='word_1_185' title='bbox 643 3563 738 3612; x_wconf 90' lang='lat' dir='ltr'>nune</span> <span class='ocrx_word' id='word_1_186' title='bbox 758 3563 882 3634; x_wconf 89' lang='lat' dir='ltr'>prome</span> <span class='ocrx_word' id='word_1_187' title='bbox 900 3535 1071 3611; x_wconf 78' lang='lat' dir='ltr'>colorem!</span> 
     </span>
     <span class='ocr_line' id='line_1_30' title="bbox 201 3649 1094 3750; baseline -0.004 -22"><span class='ocrx_word' id='word_1_188' title='bbox 201 3653 276 3748; x_wconf 85' lang='lat' dir='ltr'>(F.)</span> <span class='ocrx_word' id='word_1_189' title='bbox 294 3655 436 3729; x_wconf 82' lang='lat' dir='ltr'>Nascon</span> <span class='ocrx_word' id='word_1_190' title='bbox 452 3681 529 3750; x_wconf 89' lang='lat' dir='ltr'>ego,</span> <span class='ocrx_word' id='word_1_191' title='bbox 551 3654 680 3729; x_wconf 92' lang='lat' dir='ltr'>desunt</span> <span class='ocrx_word' id='word_1_192' title='bbox 697 3654 803 3748; x_wconf 72' lang='lat' dir='ltr'>viret,</span> <span class='ocrx_word' id='word_1_193' title='bbox 822 3662 962 3727; x_wconf 88' lang='lat' dir='ltr'>matura</span> <span class='ocrx_word' id='word_1_194' title='bbox 980 3649 1094 3724; x_wconf 91' lang='lat' dir='ltr'>labori</span> 
     </span>
     <span class='ocr_line' id='line_1_31' title="bbox 89 3769 542 3866; baseline -0.015 -18"><span class='ocrx_word' id='word_1_195' title='bbox 89 3772 188 3848; x_wconf 89' lang='lat' dir='ltr'>Non</span> <span class='ocrx_word' id='word_1_196' title='bbox 206 3797 294 3862; x_wconf 86' lang='lat' dir='ltr'>sum,</span> <span class='ocrx_word' id='word_1_197' title='bbox 315 3796 424 3866; x_wconf 88' lang='lat' dir='ltr'>parce</span> <span class='ocrx_word' id='word_1_198' title='bbox 442 3769 542 3844; x_wconf 91' lang='lat' dir='ltr'>mihi.</span> 
     </span>
     <span class='ocr_line' id='line_1_32' title="bbox 201 3877 813 3982; baseline -0.007 -22"><span class='ocrx_word' id='word_1_199' title='bbox 201 3884 278 3972; x_wconf 84' lang='lat' dir='ltr'><strong>(G.)</strong></span> <span class='ocrx_word' id='word_1_200' title='bbox 296 3884 403 3959; x_wconf 89' lang='lat' dir='ltr'>Facit</span> <span class='ocrx_word' id='word_1_201' title='bbox 421 3877 642 3982; x_wconf 81' lang='lat' dir='ltr'>experientia</span> <span class='ocrx_word' id='word_1_202' title='bbox 660 3883 813 3976; x_wconf 86' lang='lat' dir='ltr'>doctum,</span> 
     </span>
     <span class='ocr_line' id='line_1_33' title="bbox 87 3997 946 4097; baseline -0.008 -20"><span class='ocrx_word' id='word_1_203' title='bbox 87 3999 273 4077; x_wconf 83' lang='lat' dir='ltr'>Audaces</span> <span class='ocrx_word' id='word_1_204' title='bbox 291 4000 434 4074; x_wconf 87' lang='lat' dir='ltr'>fortuna</span> <span class='ocrx_word' id='word_1_205' title='bbox 446 4001 588 4097; x_wconf 87' lang='lat' dir='ltr'>juvat...</span> <span class='ocrx_word' id='word_1_206' title='bbox 607 3998 743 4095; x_wconf 90' lang='lat' dir='ltr'>gallina</span> <span class='ocrx_word' id='word_1_207' title='bbox 760 3997 946 4095; x_wconf 84' lang='lat' dir='ltr'>loquatur!</span> 
     </span>
     <span class='ocr_line' id='line_1_34' title="bbox 204 4110 1112 4212; baseline -0.001 -24"><span class='ocrx_word' id='word_1_208' title='bbox 204 4116 275 4208; x_wconf 85' lang='lat' dir='ltr'>(F.)</span> <span class='ocrx_word' id='word_1_209' title='bbox 294 4115 348 4191; x_wconf 93' lang='lat' dir='ltr'>Ut</span> <span class='ocrx_word' id='word_1_210' title='bbox 364 4115 481 4212; x_wconf 91' lang='lat' dir='ltr'>pullos</span> <span class='ocrx_word' id='word_1_211' title='bbox 499 4113 635 4211; x_wconf 91' lang='lat' dir='ltr'>gallina</span> <span class='ocrx_word' id='word_1_212' title='bbox 651 4113 723 4189; x_wconf 91' lang='lat' dir='ltr'>ciet</span> <span class='ocrx_word' id='word_1_213' title='bbox 740 4113 926 4210; x_wconf 87' lang='lat' dir='ltr'>sociatque</span> <span class='ocrx_word' id='word_1_214' title='bbox 944 4113 1010 4187; x_wconf 90' lang='lat' dir='ltr'>sub</span> <span class='ocrx_word' id='word_1_215' title='bbox 1028 4110 1112 4187; x_wconf 84' lang='lat' dir='ltr'>alis:</span> 
     </span>
     <span class='ocr_line' id='line_1_35' title="bbox 89 4228 1024 4326; baseline -0.011 -14"><span class='ocrx_word' id='word_1_216' title='bbox 89 4234 165 4312; x_wconf 86' lang='lat' dir='ltr'>Sic</span> <span class='ocrx_word' id='word_1_217' title='bbox 186 4229 348 4306; x_wconf 90' lang='lat' dir='ltr'>homines</span> <span class='ocrx_word' id='word_1_218' title='bbox 366 4232 402 4305; x_wconf 92' lang='lat' dir='ltr'>in</span> <span class='ocrx_word' id='word_1_219' title='bbox 421 4230 528 4306; x_wconf 88' lang='lat' dir='ltr'>corde</span> <span class='ocrx_word' id='word_1_220' title='bbox 548 4256 613 4304; x_wconf 87' lang='lat' dir='ltr'>suo</span> <span class='ocrx_word' id='word_1_221' title='bbox 632 4228 883 4326; x_wconf 90' lang='lat' dir='ltr'>complectitur</span> <span class='ocrx_word' id='word_1_222' title='bbox 901 4253 1024 4303; x_wconf 88' lang='lat' dir='ltr'>omnes</span> 
     </span>
    </p>
   </div>
   <div class='ocr_carea' id='block_1_3' title="bbox 1078 4377 1117 4434">
    <p class='ocr_par' dir='ltr' id='par_1_3' title="bbox 1078 4377 1117 4434">
     <span class='ocr_line' id='line_1_36' title="bbox 1078 4377 1117 4434; baseline -0.051 0"><span class='ocrx_word' id='word_1_223' title='bbox 1078 4377 1117 4434; x_wconf 71' lang='lat'>22</span> 
     </span>
    </p>
   </div>
   <div class='ocr_carea' id='block_1_4' title="bbox 0 0 1470 4734">
    <p class='ocr_par' dir='ltr' id='par_1_4' title="bbox 0 0 1470 4734">
     <span class='ocr_line' id='line_1_37' title="bbox 0 0 1470 4734; baseline 0 3"><span class='ocrx_word' id='word_1_224' title='bbox 0 0 1470 4734; x_wconf 95' lang='lat' dir='ltr'> </span> 
     </span>
    </p>
   </div>
   <div class='ocr_carea' id='block_1_5' title="bbox 31 4531 271 4694">
    <p class='ocr_par' dir='ltr' id='par_1_5' title="bbox 17 4531 271 4694">
     <span class='ocr_line' id='line_1_38' title="bbox 31 4531 271 4694; baseline -0.004 0.945"><span class='ocrx_word' id='word_1_225' title='bbox 31 4531 271 4694; x_wconf 52' lang='grc' dir='ltr'>μ’...</span> 
     </span>
    </p>
   </div>
  </div>
 </body>
</html>
