3030 4734
657 223 870 278 CARMINUM

347 415 407 488 An
423 439 495 486 non
513 411 634 486 hiatus
651 410 798 485 numine
816 409 960 484 vindice

347 529 480 604 Terrae
499 528 652 603 timebas
669 526 813 624 telaque
833 525 1001 618 fulminis,

445 643 565 735 Quum
583 641 744 717 traderes
762 643 927 717 vinctum
945 642 1083 717 catenis

494 758 709 833 Carceribus
726 784 808 831 reus
825 757 1079 833 innocentem?

347 991 431 1065 Non
448 1016 519 1064 non
536 989 726 1064 timebas...
744 988 865 1064 nullus
881 989 976 1063 inest
992 981 1115 1064 metus

348 1107 492 1181 Poenae
510 1105 682 1202 tyrannis,
702 1131 769 1179 nec
789 1103 961 1179 scelerum
979 1104 1104 1201 pudor,

447 1220 663 1296 Insanientis
682 1232 815 1295 cuncta
831 1220 920 1294 coeli

496 1335 719 1411 Transiliunt
735 1336 992 1433 hominumque
1004 1337 1101 1433 jura.

350 1569 548 1644 Miscentur
565 1569 670 1643 undis
688 1595 776 1644 arva
792 1569 1029 1644 tumentibus:

350 1685 560 1759 Traduntur
577 1684 669 1759 eheu
687 1685 839 1760 crimina
857 1685 1014 1778 crimine,

448 1800 628 1898 Oordique
646 1800 791 1875 loricam
809 1801 986 1897 rigentem

497 1916 757 2014 Oircumagunt
774 1919 1013 2015 tenebrasque
1031 1917 1158 1992 menti.

351 2149 461 2224 Elata
478 2149 574 2225 fastu
592 2149 674 2223 vilis
692 2148 857 2223 adultera

352 2264 498 2340 Vesana
514 2276 658 2362 torquet
676 2265 812 2340 lumina
828 2265 1003 2359 flammea,

448 2381 624 2480 Vatisque
642 2393 767 2457 censet
784 2408 855 2455 non
877 2381 1063 2479 probantis

498 2497 619 2596 Turpe
637 2497 737 2572 nefas
755 2497 915 2572 ferienda
933 2498 1062 2572 colla...

353 2730 437 2805 Heu
454 2742 494 2806 tu
512 2729 670 2829 petentis
688 2729 838 2804 vocibus
857 2731 996 2827 annuis,

353 2847 430 2921 Nec
448 2857 534 2920 vota
551 2845 717 2919 damnas!
739 2843 886 2919 Scilicet
904 2844 973 2920 hoc
991 2846 1083 2920 fides

449 2961 582 3036 durata
599 2960 763 3057 deposcit
780 2960 929 3056 puellae,

499 3075 600 3166 Quae
619 3075 769 3150 choreas
788 3073 864 3170 agit
880 3075 1084 3173 impudica!

353 3312 381 3404 I,
401 3310 517 3406 lictor,
537 3317 634 3382 atras
651 3306 769 3404 pande
787 3305 881 3380 fores
898 3307 979 3401 cite,

353 3427 525 3502 Macrone
544 3423 669 3498 stricto
686 3423 796 3497 caede
815 3449 957 3498 sacrum
975 3435 1085 3522 caput

450 3539 617 3632 Insontis,
638 3565 680 3613 ac
699 3549 827 3612 trunco
844 3538 971 3614 relicto

499 3655 598 3731 Huic
616 3653 746 3729 faciem
765 3655 984 3750 superradde
1002 3655 1111 3730 leuci.

354 3889 446 3962 Pota
462 3887 661 3979 rubentem,
681 3885 812 3980 bellua,
832 3885 1054 3982 sanguinem,

352 4003 473 4102 Largo
490 4003 678 4077 rubentem
695 4001 840 4076 flumine
859 4000 1069 4096 sanguinem

450 4118 592 4210 Herois‚
612 4117 840 4214 humanaque
857 4114 970 4190 foedis

500 4233 593 4309 Cum
612 4233 716 4306 sociis
734 4233 878 4329 epulare
896 4255 1014 4304 carne.
