2968 4732
514 179 634 234 creua
667 179 846 248 pusaeus

258 367 376 465 Saepe
394 377 430 444 te
451 363 561 464 (novi)
582 367 673 444 latet
690 366 780 442 haec
801 367 1005 443 voluntas..

256 482 395 582 Crispe,
416 481 474 557 dic
493 509 648 580 semper:
669 483 780 558 Prout
798 483 875 581 ipse
892 494 933 557 tu
951 482 1017 575 vis,

258 598 319 674 Sic
339 598 421 674 volo
440 598 591 697 Crispus
608 641 657 652 -
673 599 740 672 tibi
758 598 805 674 sit
821 599 995 696 magister

648 711 817 790 Christus
834 713 870 788 in
888 713 1015 788 horto!-

262 944 369 1020 Stant
386 969 521 1036 comae,
541 954 637 1018 totos
655 942 797 1040 gelidus
814 970 879 1042 per
896 954 995 1027 artus

259 1061 293 1136 It
312 1086 418 1136 cruor
433 1102 483 1114 -
500 1070 622 1134 vatem
639 1059 786 1134 memini
804 1059 829 1134 J
833 1086 999 1134 oannem:

187 1193 191 1210 ’
259 1175 373 1252 Nulla
389 1203 460 1251 non
477 1199 557 1250 raro
574 1175 636 1274 pia
653 1185 738 1250 vcta
755 1175 874 1250 cordis

649 1290 849 1367 Commoda
865 1292 1050 1390 praebent.

261 1528 379 1623 Saepe
399 1521 475 1620 (sed
493 1521 615 1618 largus
632 1520 729 1616 rigat
746 1520 859 1598 imber
877 1521 950 1618 ora)

259 1642 329 1718 Est
345 1640 453 1714 homo
472 1637 624 1712 daemon
641 1636 885 1714 truculentus!
907 1639 1012 1713 Eheu

260 1755 395 1832 Nullus
412 1753 545 1829 orando
563 1750 662 1827 valet
679 1751 875 1850 impetrare

652 1869 814 1944 Pectoris
832 1870 950 1967 ignes!

598 2178 700 2254 ODE
731 2178 778 2255 V.

524 2357 589 2430 AD
615 2355 846 2432 MILVIUM.

402 2537 512 2604 Laqueo
532 2553 558 2589 se
576 2513 719 2604 casparutit
740 2535 850 2604 (Matth.
870 2536 913 2604 27,
932 2537 973 2606 5).

263 2689 493 2766 Horrendum
511 2687 667 2762 facinus!
689 2686 736 2762 Se
753 2688 966 2764 temerarius
1045 2679 1048 2685 ⁸

264 2803 461 2902 Suspendit
478 2802 607 2900 laqueo
625 2801 791 2877 Milvius!
811 2799 842 2878 Ο
861 2803 978 2878 virum

262 2921 456 3018 Indignum
473 2917 658 3015 lacrymis!
679 2917 819 2993 Pendet
836 2918 931 2994 iners
950 2919 1022 3013 diu,

360 3031 656 3112 Vultusdecolor
673 3031 843 3108 intumet!

263 3261 596 3361 Fulsitlunap010,
614 3273 715 3336 muta
733 3262 911 3337 silentia...

264 3379 457 3454 Pertaesus
474 3377 580 3474 rigidi
598 3377 753 3452 carceris
770 3377 841 3452 heu
860 3381 924 3453 sua

264 3495 458 3569 Formosus
469 3491 617 3592 juvenis
633 3492 791 3567 numinis
807 3492 996 3568 immemor

363 3607 514 3684 Occisus
530 3606 638 3705 periit
654 3607 779 3682 manu!

267 3839 433 3916 Corradit
449 3838 567 3914 rabie‘s
584 3838 683 3915 lucra
700 3838 892 3937 pecuniae!

266 3955 356 4030 Auri
374 3981 475 4030 sacra
491 3955 606 4030 fames
622 3954 719 4030 furta
736 3954 808 4031 ciet
826 3953 932 4030 dolis!

267 4071 406 4147 Poenas
423 4071 520 4144 furta
537 4070 658 4146 luunt!
679 4096 795 4168 poena
812 4079 917 4168 parat
933 4071 1077 4145 necem!

364 4184 449 4262 Heu
465 4211 599 4261 nexum
617 4185 745 4262 sceleri
763 4184 897 4260 scelus!
