2968 4732
534 225 654 280 arnna
687 223 866 295 Quaeres

327 411 475 486 Excitat
493 409 611 486 cordis
628 410 728 487 Deus
746 441 839 488 unus
857 416 968 512 ignes,

327 528 363 601 N
366 527 454 600 utrit
471 525 538 601 hos
555 526 660 620 idern,
681 556 877 625 generosus
895 533 998 631 offert

194 677 198 684 ·
328 642 477 717 Gratiae
495 642 639 739 donum,
658 645 847 743 calefitque
866 661 989 724 sancto

717 761 852 837 Pectus
869 790 1000 838 amore.

326 991 400 1065 Dat
418 991 623 1068 sacerdotes
641 993 756 1068 bonus
773 995 834 1069 ille
853 995 981 1070 Pastor

262 1159 267 1166 -
326 1106 376 1181 Et
395 1107 495 1204 pium
512 1119 652 1205 patrem
668 1093 889 1207 uigilemque
907 1122 1070 1205 matrem,

327 1221 412 1319 Ipse
430 1223 493 1297 dat
511 1251 624 1299 sese...
646 1226 787 1322 potiora
805 1226 900 1304 dona

717 1341 806 1432 Quis
825 1341 917 1416 ferat
934 1347 1114 1441 unquam?

325 1571 456 1646 Arbori
475 1571 534 1645 lex
553 1582 617 1664 est,
639 1572 845 1647 dominatur
862 1599 949 1648 una:

325 1685 395 1761 Est
412 1685 519 1760 homo
538 1687 638 1780 liber,
659 1689 821 1785 sequitur
837 1702 1044 1764 moventem
1069 1787 1071 1792 Ι

328 1802 475 1901 Sponte,
494 1803 699 1878 cordurum
718 1804 873 1878 Domino
891 1805 1047 1881 trahenti

717 1917 853 2017 Sponte
871 1920 1017 1995 resistit.

325 2147 448 2220 Robur
465 2146 502 2220 in
518 2157 657 2242 trunco,
675 2147 837 2223 rabidam
855 2148 1048 2245 procellam

325 2261 448 2337 Vincit
465 2262 626 2348 illaesus:
645 2263 776 2337 fremat
795 2291 879 2338 acer
892 2264 1015 2358 hostis,

189 2371 191 2376 ’
325 2377 393 2452 Est
411 2403 511 2452 amor
528 2378 640 2472 fortis,
661 2378 790 2477 clypeo
808 2380 968 2454 retundit

715 2494 911 2570 Daemonis
929 2496 1033 2571 ictus.

324 2725 475 2800 Arboris
492 2736 618 2800 trunco
636 2737 941 2823 generanturuno

218 2851 222 2860 ’
325 2841 475 2915 Plurimi
493 2841 597 2916 rami:
617 2842 712 2940 parit
730 2869 802 2917 una
819 2854 934 2918 mater

325 2957 479 3052 Caritas,
497 2955 619 3054 plures
637 2957 800 3032 oriuntur
817 2985 890 3032 una

716 3073 837 3170 Stirpe
856 3100 1004 3148 sorores.

323 3304 517 3380 Fructibus
534 3304 625 3379 rami
642 3304 865 3401 decorantur,
883 3304 978 3379 idem

324 3423 394 3496 Est
409 3421 506 3496 color
524 3421 663 3496 cunctis
680 3421 874 3520 parilisque
892 3421 1020 3496 forma:

324 3538 377 3612 At
394 3537 514 3613 ferunt
531 3537 648 3612 almae
666 3538 765 3612 vario
784 3535 906 3611 labore

716 3653 836 3728 Lucra
854 3678 1002 3727 sorores.

325 3885 430 3960 Haec
446 3911 575 3982 preces
592 3883 725 3980 fundit,
744 3883 813 3958 luit
829 3882 892 3956 illa
909 3909 1052 3981 poenae,

325 4002 375 4076 Et
394 4011 517 4077 secant
534 4014 694 4099 pontum,
714 4001 956 4099 gregibusque
974 4012 1158 4100 praesunt,

326 4117 499 4192 Imbuunt
516 4128 665 4210 mentes,
685 4117 896 4192 relevantve
914 4116 1068 4214 morbos,

717 4233 810 4308 dura
827 4243 984 4307 tuentur.
1061 4309 1064 4313 ,
1128 4272 1129 4277 ,
