2968 4732
562 198 681 253 urana
715 197 893 268 colurus

220 384 402 481 Vindicet,
422 411 465 460 ac
485 384 594 458 tellus
611 384 748 481 ingenti
767 386 906 482 percita
922 398 1031 478 motu,

319 499 488 576 Terrifico
507 526 686 576 concussa
705 500 845 597 fragore

219 615 366 713 Aequet
383 615 495 691 humo
512 625 638 710 turres,
658 614 765 715 ejecti
785 617 968 692 montibus
985 618 1087 715 ignes

317 730 512 829 Praecipiti
530 743 690 806 torrente
708 759 772 830 per
789 757 876 806 arva

219 843 461 922 Volvantur...
482 858 603 922 sontes
620 847 830 944 plectuntur
848 847 1006 924 vindicis
1023 849 1091 922 irai

318 960 465 1036 Nullius
483 989 585 1037 mens
603 963 750 1037 conscia
767 962 857 1038 recti
949 1011 950 1020 κ

220 1075 382 1174 Semper,
403 1077 511 1152 corda
529 1088 656 1175 patent
673 1078 822 1154 laesuris
840 1079 988 1176 ictibus,
1007 1079 1099 1154 eheu

319 1191 435 1290 Saepe
452 1193 548 1269 cadit
565 1194 720 1269 lassatus
738 1194 854 1268 eundo

219 1305 361 1403 Raptus
380 1335 500 1384 amore
519 1308 603 1384 Dei:
623 1309 792 1384 vitiorum
809 1310 903 1384 mole
921 1321 1093 1407 gravatur

317 1421 472 1498 Infando
488 1423 701 1500 temerarius
719 1452 821 1521 ausu,

219 1539 271 1612 Et
288 1565 354 1613 sua
371 1565 549 1638 quemque
566 1551 689 1615 manet
706 1542 842 1617 trutinat
859 1541 989 1616 librata
1006 1543 1103 1616 fideli

318 1655 440 1730 Poena
457 1655 582 1731 eadem
598 1656 778 1732 medicina
797 1656 933 1757 salutis.

218 1769 328 1844 Nunc
347 1767 444 1844 aliud
462 1797 599 1867 poenae
616 1797 744 1867 genus:
763 1771 977 1847 infremuere
995 1785 1169 1870 potentes,

317 1887 372 1961 Ac
390 1886 511 1961 odium
530 1886 760 1983 implacabile
779 1887 914 1962 Christi

219 1999 363 2077 Damna
381 2014 485 2099 parat
502 2001 605 2076 nobis
622 2045 671 2054 —
689 2029 733 2076 en
752 2002 894 2100 Sponsa
911 2003 1102 2079 lacessitur
1120 2006 1217 2102 Agni

316 2117 342 2192 J
345 2143 408 2192 ure
424 2144 518 2192 novo
537 2118 572 2192 vi
590 2117 727 2214 fraude⁷
746 2118 904 2217 Piusque

220 2232 425 2330 Ingeminat
442 2234 572 2327 luctus,
592 2233 772 2330 lacrymas
790 2234 941 2310 effundit
958 2237 1116 2310 amaras!

317 2349 420 2440 Quae
436 2350 551 2424 tristis
567 2358 623 2424 tot
642 2349 742 2446 origo
760 2350 959 2425 malorum?

219 2463 376 2540 Gemma
393 2465 513 2540 crucis
529 2465 689 2562 pretiosa
707 2465 768 2538 diu
785 2464 929 2540 vilescit
948 2467 1092 2564 ubique,

316 2581 372 2656 Ac
388 2579 528 2654 tumido
546 2579 724 2678 sapientia
741 2579 837 2656 fastu

217 2694 304 2769 Heu
322 2695 457 2770 dudum
474 2695 591 2792 replet
608 2695 711 2770 vanis
730 2697 953 2772 sermonibus
971 2724 1086 2794 aures,

316 2811 366 2886 Et
383 2812 503 2888 fatuos
521 2813 606 2887 dum
625 2811 830 2908 quaerimus
847 2813 959 2909 ignes,

217 2929 254 3003 It
266 2929 376 3026 jubar
394 2930 531 3028 antiqui
550 2929 635 3004 solis
652 2972 701 2984 —
717 2929 918 3004 moriuntur
935 2930 1058 3030 iniqui,

316 3045 360 3123 In
376 3046 518 3122 tumulo
535 3057 637 3144 patet
655 3046 729 3122 alta
746 3045 923 3139 columna,

217 3161 289 3238 Oui
306 3171 497 3238 truncatus
515 3188 609 3260 apex
626 3161 770 3259 obliquo
786 3161 942 3238 tramite.
962 3162 1089 3236 Multis

318 3277 357 3354 Si
376 3304 447 3376 qua
464 3278 584 3371 Fides,
604 3289 660 3354 est
678 3304 791 3375 parva
809 3277 967 3374 lucerna,

218 3393 323 3484 Quae
339 3393 439 3468 tenui
456 3393 601 3468 flamma
617 3393 736 3469 noctis
752 3420 825 3467 non
842 3393 994 3490 dissipat
1011 3393 1166 3486 umbras,

316 3508 366 3584 Et
383 3519 494 3584 vento
511 3509 748 3606 restinguitur
765 3509 871 3606 ignis.

216 3624 362 3701 Fronde
380 3626 500 3701 virens
517 3624 706 3722 fructuque
725 3651 851 3701 carens
868 3623 1023 3700 ficulnea
1041 3651 1185 3723 prorsus

314 3741 447 3837 Arefit3
466 3751 503 3816 et
521 3740 664 3816 sublata
681 3740 817 3816 colonis

155 3912 160 3922 .
215 3855 376 3954 Ingratie
392 3855 539 3932 meliore
557 3855 658 3932 lucro
676 3856 800 3937 vineta
817 3857 991 3951 locantur,

314 3972 365 4047 Et
382 3984 510 4071 quarto
529 3971 728 4050 succiditur
745 3999 839 4048 anno

215 4087 337 4162 Arbor
354 4115 465 4164 avara
483 4087 553 4181 diu,
574 4088 643 4163 nisi
662 4087 802 4163 fructus
819 4101 962 4186 promat
982 4115 1159 4181 amoenos,

315 4202 366 4278 Et
382 4215 552 4302 repetunt
568 4203 614 4279 ab
631 4203 745 4278 inerte
764 4203 961 4280 talentum!
