2930 4734
479 252 598 307 LIBER
630 251 821 308 SEPTIMUS
1176 246 1228 300 371

87 439 174 529 Quae
191 438 292 514 Deus
309 448 378 534 est,
396 436 481 512 hinc
499 463 591 534 pace
609 449 733 512 carent
751 463 793 512 ac
814 436 934 512 omnia
951 437 1111 512 turbant.

85 554 159 628 Heu
174 555 246 629 ruit
263 554 300 628 in
318 579 491 652 praeceps
508 551 694 628 hominum
711 553 896 628 malesana
913 580 1083 650 propage,

83 670 126 744 Et
142 669 280 746 soboles
298 669 420 745 sobole
437 669 549 768 pejor,
569 695 666 743 nunc
685 668 818 743 labitur
837 681 937 744 aetas

82 787 216 880 Ferrea,
235 786 336 860 nulla
352 811 502 883 gravem
520 783 683 858 relevant
700 783 942 859 medicamina
958 784 1134 858 morbum.

172 899 249 996 (G.)
267 901 382 975 Deme
401 898 596 997 supercilio
613 900 736 992 nubes
758 898 917 974 velocior
933 899 1032 973 Euro

83 1016 163 1090 Vita
181 1015 289 1109 volat,
309 1015 467 1113 gaudere
484 1014 594 1110 lubet,
613 1014 699 1088 dum
719 1013 902 1112 carpimus
920 1016 1042 1090 auras!

81 1131 179 1206 Pacis
197 1131 297 1228 origo
315 1130 433 1206 Deus!
452 1128 642 1204 thesaurus
660 1129 824 1204 amabilis
842 1131 950 1204 unus!

79 1246 113 1319 N
114 1273 158 1320 on
176 1245 258 1321 silet
274 1272 334 1321 ore
352 1245 461 1339 Deus,
481 1272 553 1319 vox
569 1254 646 1320 toto
664 1256 834 1343 personat
851 1245 951 1340 orbe,

79 1364 298 1437 Assuescant
314 1360 476 1436 homines
494 1360 617 1436 audire
636 1371 673 1434 et
689 1359 837 1434 reddere
856 1386 973 1434 voces.

77 1477 216 1552 Felices
234 1503 347 1570 aures,
367 1474 488 1552 felicia
505 1474 615 1567 labra,
634 1474 744 1550 beata
818 1483 827 1506 ⁸
897 1519 900 1530 ·

77 1593 158 1669 Otia
176 1590 346 1688 colloquii
365 1590 476 1666 sacri!
496 1590 686 1688 pretiosior
704 1615 791 1664 auro

74 1707 224 1783 Labitur
240 1706 329 1781 hora
345 1706 476 1799 brevis,
497 1715 643 1802 superat
660 1704 852 1780 dulcedine
870 1704 995 1780 mella!

169 1822 243 1916 (F.)
257 1821 413 1896 Gemma
426 1847 525 1896 soror
542 1820 684 1917 sapiens
696 1831 869 1894 montana
881 1819 1067 1894 cacumina
1080 1819 1235 1915 scandit,

71 1939 205 2014 Tendit
221 1938 290 2012 iter
307 1935 449 2034 pennisl
472 1935 543 2010 Sed
560 1961 632 2009 non
649 1933 814 2031 intelligo
833 1934 950 2027 Flora,

70 2055 173 2146 Quae
191 2051 279 2128 mihi
297 2051 406 2127 verba
421 2051 544 2145 refers,
564 2050 709 2125 Domini
727 2077 800 2125 non
817 2050 924 2125 audio
942 2078 1062 2127 voces.

169 2169 248 2265 (G.)
265 2167 350 2242 Vox
367 2167 525 2263 Domini,
544 2164 640 2264 quod
657 2165 754 2259 fecit,
775 2166 884 2263 opus!
905 2166 1002 2241 Dum
1019 2167 1115 2244 facta
1208 2230 1211 2235 .

1031 2282 1237 2382 loquuntur,

63 2399 152 2498 lpse
170 2399 273 2474 Deus
290 2397 463 2497 loquitur!

167 2514 238 2612 (F.)
260 2513 332 2588 Sed
350 2513 418 2607 dic,
439 2516 501 2610 qui
517 2513 618 2588 facta
636 2512 838 2611 loquantur.

169 2629 248 2727 (G.)
266 2629 455 2728 Exemplis
472 2641 632 2727 pateant,
652 2642 847 2728 quaesunt
870 2643 1013 2707 arcana.
1035 2629 1237 2727 Ooquinam

60 2747 118 2822 Tu
139 2747 241 2844 regis
259 2746 411 2844 imperio
428 2788 477 2800 —
494 2746 600 2844 la’puc‘s
613 2746 795 2844 permulta
812 2747 968 2822 doceris:

56 2864 190 2938 Arbor
206 2862 307 2959 ligna
323 2861 432 2954 dedit,
452 2887 545 2960 quae
564 2862 699 2936 corruit
716 2862 789 2938 icta
805 2863 964 2961 bipenni,

53 2979 190 3053 Arbor
210 2988 323 3053 staret
340 2977 467 3072 adbuc,
488 2977 518 3052 si
536 2977 676 3053 fructus
694 2977 796 3076 larga
812 2978 965 3071 tulisset,

53 3094 189 3192 Ligna
207 3091 286 3168 foco
304 3103 457 3189 pereunt
472 3135 521 3147 -
537 3095 762 3190 torquebitur
780 3096 863 3193 igne
882 3092 1031 3192 pereuni

50 3211 189 3284 Morte
206 3219 365 3285 resectus
382 3207 499 3301 homo,
520 3209 579 3308 qui
597 3235 668 3284 non
686 3209 822 3286 ditatur
842 3237 973 3286 amore.

45 3325 228 3423 Lignum
245 3322 332 3398 tolle
350 3323 440 3416 foco,
461 3323 658 3401 vehemens
677 3327 923 3424 exstinguitur
940 3325 1049 3423 ignis:

46 3440 171 3515 Folle
191 3439 310 3532 fidem,
330 3449 502 3514 tenuatur
520 3467 628 3535 amor,
650 3452 750 3517 stant
765 3438 900 3540 ¹frigore
919 3441 1040 3517 corda.

43 3557 189 3656 Ligna
207 3555 306 3630 cient
321 3553 500 3630 flammas:
520 3557 640 3631 verbis
658 3569 849 3633 exaestuat
866 3559 928 3651 ira,

46 3673 239 3769 Quinque
257 3681 366 3744 ruunt
382 3670 489 3745 urbes
507 3671 728 3748 coelestibus
746 3674 892 3771 ignibus
909 3685 1021 3765 ustae,

45 3789 238 3864 Flamma
256 3797 360 3861 vorat
377 3786 540 3885 stipulas,
560 3788 707 3885 frugum
727 3791 932 3865 cenduntur
951 3789 1080 3864 acervi.

44 3903 254 3980 Continuo
272 3901 319 3975 da
335 3901 433 3999 ligna
451 3902 547 4000 focO,
565 3915 702 3979 cremat
722 3906 843 3979 omnia
859 3906 1018 3980 flamma:

39 4021 140 4094 Non
164 4014 327 4092 satiatur
345 4044 454 4092 amor.
474 4017 597 4115 Figuli
614 4019 761 4095 fornace
779 4021 977 4118 probantur

37 4135 180 4230 Vasa3
205 4133 360 4229 probant
377 4159 503 4208 aurum
520 4134 701 4211 flammae:
722 4135 898 4234 patientia
915 4137 1039 4212 multis

37 4247 267 4327 Aerumnis
286 4246 408 4323 oritur.
429 4248 551 4325 Vento
568 4251 814 4349 compescitur
831 4252 936 4351 ignis,
