3030 4734
668 235 879 290 CARMINUM

352 423 553 496 Fortunata
571 422 714 497 cohorsl
734 422 786 497 Te
805 449 906 498 sacer
923 423 1067 520 ignibus

352 539 540 614 Exurebat
557 565 665 629 amor,
686 536 810 612 sedula
826 537 912 611 dum
930 566 1075 614 crucem

354 653 554 752 Spectabas
573 640 678 728 auido
696 654 841 750 lumine,
858 654 997 751 proelia

448 769 698 843 Miscebantur
715 769 858 844 atrocia.

351 1002 434 1076 Non
451 1012 488 1076 te
506 1001 617 1076 densa
633 999 792 1098 phalanx
809 1002 935 1076 terruit
952 1001 1118 1096 hostium,

350 1118 434 1190 Non
452 1116 526 1191 orci
544 1116 697 1192 rabies...
716 1127 756 1191 tu
773 1117 980 1192 melioribus

350 1231 472 1305 Armis
489 1258 555 1305 usa
572 1230 681 1325 ferox,
702 1231 826 1306 fortior
843 1233 983 1329 impetu

450 1346 760 1444 Ooncertanteque
778 1348 923 1422 numine

349 1577 517 1651 Vicisti...
537 1579 698 1675 trepidae
715 1590 819 1675 terga
832 1580 904 1654 cito
923 1581 1007 1657 dare

348 1692 481 1766 Jussae
499 1703 582 1766 sunt
600 1693 707 1788 acies
726 1704 839 1768 strata
856 1695 1035 1771 cadavera

348 1807 518 1882 Effudere
535 1808 628 1904 nigri
645 1808 792 1883 flumina
810 1812 1003 1906 sanguinis,

444 1922 574 1997 Vicisti
593 1923 733 1999 soboles
751 1924 835 1998 Dei!

350 2151 399 2224 Et
417 2179 510 2227 nunc
529 2152 623 2227 alma
641 2154 751 2252 quiec,
771 2153 919 2230 classica
935 2183 1006 2230 non
1025 2169 1152 2252 sonant

350 2266 493 2340 Dantur
510 2279 605 2341 serta
623 2269 735 2342 comis
753 2268 885 2363 laurea,
906 2273 1041 2346 streuui

350 2381 514 2456 Caritatis
532 2382 687 2457 Domino
704 2385 873 2480 carmina,
891 2386 1033 2479 milites,

435 2497 649 2582 ¹Fortunata
668 2498 804 2592 cohors,
825 2526 903 2574 ave.

1154 2216 1163 2256 7

347 2726 531 2824 Lugemus
548 2728 677 2821 miseri,
699 2729 758 2826 qui
777 2757 900 2805 sumus
918 2731 1069 2826 exsules,

347 2843 535 2916 Labuntur
553 2842 770 2940 lacrymae...
789 2855 846 2920 tot
861 2845 982 2943 gladio
1000 2847 1093 2923 truci

346 2955 515 3033 Imbelles
532 2958 695 3034 homines
712 2959 902 3055 intereunt,
924 2962 984 3036 diu

443 3073 548 3148 Eheu
564 3085 620 3148 tot
636 3076 795 3173 patimur
812 3076 917 3170 mala,
970 3146 985 3182 a

346 3303 444 3394 Quot
462 3316 544 3379 sunt
562 3316 659 3381 astra
675 3306 764 3404 poli3
784 3305 977 3382 daemones
995 3307 1092 3385 efferi

345 3421 436 3495 Late
455 3433 600 3519 sceptra
617 3431 749 3515 tenent,
770 3422 865 3498 bella
881 3435 1029 3500 movent
1046 3426 1158 3522 cruci,

344 3535 473 3610 Ferme
491 3548 625 3612 cuncta
641 3537 699 3610 lue
716 3537 823 3612 corda
840 3538 1083 3636 coinquinant,

300 3660 303 3669 ’
441 3651 490 3726 Et
508 3652 640 3727 vindex
659 3651 834 3728 scelerum
853 3653 953 3728 Deus

345 3878 474 3954 Sontes
492 3881 662 3955 continuo
681 3881 829 3957 verbere
845 3883 1008 3980 corripit!

343 3993 444 4084 Quae
463 3998 624 4069 struxere
641 4006 772 4092 patres,
792 3997 911 4072 omnia
929 4009 1115 4090 corruunt,

343 4108 445 4200 Quae
462 4107 624 4183 flammas
641 4110 785 4206 rapidas
803 4113 899 4186 unda
915 4116 1101 4189 coerceat?

438 4221 463 4295 J
467 4247 525 4294 am
537 4248 551 4316 J
558 4247 614 4294 am
633 4223 770 4298 vortice
788 4226 1001 4322 mergimur!
