2968 4732
525 215 644 268 ursus
678 181 857 283 ounnrus

559 681 829 794 onn'xxvr.

620 977 772 1052 rmus,

215 1237 271 1290 Eat
288 1243 374 1289 cutem
393 1236 475 1288 Fides
493 1237 689 1302 sperandarum
708 1236 856 1288 substantio
875 1253 975 1312 rorum,
994 1244 1180 1303 arpumentam

442 1341 496 1377 non
514 1325 711 1392 appa-rentium.
733 1324 830 1394 (Hebr.
851 1324 893 1393 11,
914 1324 953 1394 1).

227 1555 423 1650 &adricus
443 1556 622 1630 immanes
641 1557 782 1631 sinuare
801 1556 994 1650 volumina,
1015 1557 1110 1632 diros

317 1673 386 1746 Per
404 1671 541 1770 Libyae
560 1673 701 1747 deserta
719 1673 890 1748 dracones

220 1787 400 1886 Spargere
417 1787 516 1863 virus
533 1799 647 1881 atron,
667 1788 807 1885 aquilas
824 1789 1031 1886 contingere
1048 1788 1173 1883 nubes,
1228 1813 1229 1820 ¹

317 1903 555 1980 Horrentisve
574 1905 761 1980 cacumine
779 1904 878 2002 rupis

219 2018 442 2117 Praecipites
460 2019 552 2113 ferri,
572 2019 797 2118 rapientibus
816 2019 997 2117 unguibus
1016 2046 1129 2116 agnos

316 2133 367 2209 Et
384 2145 502 2210 rostro
520 2134 655 2210 laniare
673 2136 872 2210 tremendo.

228 2249 424 2345 Credr'oroa
446 2251 634 2325 horribiles
651 2251 827 2325 immensa
843 2250 938 2326 mole
955 2251 1127 2326 balaenas
1234 2341 1237 2349 Α

320 2365 453 2442 Oceani
471 2393 681 2465 percurrere
698 2366 836 2460 fluctus,

220 2481 430 2556 Visceribus
447 2494 565 2557 terrac
582 2483 685 2557 condi
705 2482 862 2587 pretiosa
880 2481 1037 2575 metalla,
1115 2573 1116 2576 Ἴ

319 2596 369 2671 Et
385 2623 548 2695 gemmas
565 2598 704 2673 radiare
723 2625 787 2696 per
805 2598 939 2691 orbem,

221 2713 434 2790 Innumeros
451 2713 556 2790 flores
574 2715 683 2789 variis
701 2714 909 2812 regionibus
928 2714 996 2809 edi,

319 2830 370 2904 Et
387 2829 525 2926 fulgere
543 2829 721 2904 coloribus
739 2829 875 2905 hortos.

224 2944 262 3020 Si
281 2945 361 3043 quis
378 2945 626 3020 Alexandrum
644 2957 745 3020 terno
764 2945 960 3021 certamine
980 2945 1108 3020 Persas

325 3060 542 3158 subjecisse,
562 3061 771 3159 potentibus
789 3061 898 3136 armis

223 3175 406 3252 Romanos
422 3167 555 3252 referat
572 3161 794 3252 Teucrorum
814 3177 925 3275 stirpe
942 3188 1081 3252 creatos

322 3293 372 3368 Et
390 3292 543 3392 populos
562 3293 743 3368 domuisse
761 3292 897 3368 feroces

222 3407 272 3481 Et
290 3435 417 3504 regum
435 3407 547 3506 capiti
565 3407 705 3507 priscas
722 3407 885 3505 rapuisse
903 3433 1063 3504 coronas,
1173 3487 1174 3490 ,

321 3524 443 3622 Atque
460 3525 578 3598 virum
597 3523 811 3620 cognomine
830 3524 1006 3620 Magnum

223 3637 434 3733 Germanos,
455 3639 577 3732 Italos,
599 3639 760 3714 Francos
778 3638 912 3714 virtute
931 3638 1091 3713 secunda

321 3755 479 3853 Imperio
498 3754 656 3829 sociasse
676 3755 868 3848 Quiritum,

222 3867 408 3967 Europam
426 3871 591 3946 turbasse
609 3871 681 3966 diu,
701 3868 864 3946 calcasse
881 3879 1085 3967 tyrannum,

323 3984 438 4077 Quem
456 3985 551 4061 tristi
570 3985 669 4060 dedit
685 3985 803 4060 insula
820 3985 905 4080 latu

223 4099 348 4176 Insula
366 4128 471 4198 quem
489 4101 607 4176 tenuit
624 4100 727 4197 vigili
743 4103 892 4178 custode
911 4101 1095 4193 Britanno,

322 4217 371 4290 Ni
390 4217 502 4292 simus
519 4216 669 4292 rationis
687 4227 846 4313 egentes,
