2972 4738
565 223 684 280 LIBER
711 225 856 281 SEXTUS

126 411 312 486 Faucibus
330 412 492 522 eduntur,
514 413 641 487 stridet
659 411 876 488 clamoribus
894 423 965 486 aer.

126 526 182 602 Ut
200 526 297 603 visco
316 527 489 621 volucres,
509 538 660 626 captant
678 551 842 602 sermone
860 525 1001 624 puellas

127 641 299 716 indomiti
312 643 466 740 juvenes
484 643 654 740 (genitrix
672 643 743 716 heu
762 641 919 740 pessima
936 650 1083 734 custos),

127 756 381 856 Futilibusque
400 769 530 832 vacant
547 757 651 851 ludis,
673 757 880 855 spumantia
897 757 972 830 vini

127 872 267 947 Pocula
284 864 722 970 circumeunt‚'nimioque
740 883 893 970 gravata
910 872 1047 971 liquore

126 987 232 1063 Mens
249 989 384 1064 titubat
402 989 656 1088 trepidantque
674 990 785 1086 pedes
804 1001 842 1064 et
860 988 985 1086 lingua
1003 988 1154 1063 laborat.

127 1103 226 1179 Vota
243 1104 371 1180 deinde
388 1105 508 1180 ferunt
526 1105 728 1203 squalentia
746 1115 895 1202 pectora
913 1131 1034 1197 coeno,

126 1219 180 1294 Et
196 1221 327 1296 misero
346 1222 528 1296 exstincto
546 1221 718 1296 lenimina
734 1220 835 1296 nulla
854 1221 1047 1319 parantur!

533 1637 790 1714 IDYLLIUM
817 1636 886 1710 ΙΙΙ.

320 1858 542 1934 OORYDON
560 1859 828 1934 —LYOORIS
845 1858 894 1915 -'
910 1854 1097 1934 Aturus.

229 2147 307 2222 Iam
324 2145 440 2222 nubes
458 2146 660 2244 glomerata
677 2145 769 2242 polo,
789 2144 992 2221 demittitur
1009 2145 1132 2240 imber,

131 2264 423 2362 Praecipitantur
442 2290 566 2362 aquae,
587 2262 723 2360 rapidis
740 2261 852 2336 micat
869 2261 1016 2358 ignibus
1032 2261 1166 2357 aether,

128 2380 179 2455 Et
197 2380 312 2455 fracto
331 2379 479 2456 reboant
496 2378 673 2455 horrenda
689 2376 850 2452 tonitrua
866 2376 973 2470 coele,

131 2496 215 2574 Sole
231 2521 443 2594 repercusso
460 2504 577 2569 terrae
595 2520 667 2567 nox
685 2492 834 2567 incubat
851 2503 938 2578 atra,

226 2612 327 2689 Ecce
345 2611 440 2686 domi
459 2609 627 2707 Corydon
644 2607 784 2683 fumum
801 2607 913 2683 trabit
930 2630 992 2683 ore
1009 2618 1203 2707 tepentem,

129 2728 226 2804 Huic
244 2728 396 2803 adversa
415 2727 516 2802 sedet
534 2727 667 2823 conjux
685 2724 819 2800 dilecta
837 2724 988 2822 Lycoris

129 2844 385 2942 Exoneratque
402 2843 509 2940 colos⁷
529 2841 613 2917 dum
633 2851 755 2916 versat
773 2839 904 2938 pollice
921 2839 1052 2914 fusum.

226 2959 298 3058 (O)
319 2958 467 3035 Grande
484 2969 589 3033 nocet
606 2957 824 3056 pluviaeque
842 2966 975 3031 nocent
992 2965 1029 3032 et
1045 2954 1199 3030 fulmina

1068 3080 1221 3147 terrent:

131 3189 235 3266 Haec
254 3218 312 3266 me
331 3190 522 3266 sollicitum
539 3200 642 3264 tenet
661 3188 770 3263 anxia
786 3213 882 3284 cura,
901 3186 1045 3284 Lycori.

128 3305 187 3380 En
204 3305 312 3380 toties
330 3305 470 3404 placuit
486 3304 611 3380 Nicoti
630 3303 759 3379 nobilis
777 3301 899 3399 herba,

129 3421 237 3496 Nunc
255 3423 313 3497 odi
331 3421 507 3496 fumum...
527 3430 612 3496 sunt
628 3431 747 3496 terrae
765 3418 859 3493 dona
876 3419 1026 3512 caduca,
1130 3489 1137 3505 ,

128 3537 296 3614 Flamma
313 3539 385 3613 ciet
401 3537 550 3630 fumum,
570 3563 655 3610 mox
672 3535 858 3610 evanescit
875 3533 919 3630 in,
930 3560 1046 3631 auras⁷

130 3653 263 3729 Omnia
279 3652 464 3749 labuntur3
484 3651 675 3750 —rapido
693 3650 798 3749 polus
815 3650 899 3747 igne
917 3637 1102 3724 coruscat:

129 3767 263 3845 Omnia
279 3768 475 3867 diffugiunt
490 3811 540 3822 -
555 3767 646 3842 nihil
665 3778 731 3864 est⁷
749 3765 840 3842 nihil
859 3793 943 3842 ecce
961 3765 1138 3864 perenne!

129 3883 314 3985 Bustaque
332 3885 503 3962 continuo
522 3894 606 3960 sunt
623 3883 727 3958 cunis
744 3881 913 3981 proxima
929 3881 1082 3956 nostris!

228 4000 297 4099 (L.)
318 4001 403 4076 Heu
420 4027 486 4076 nec
504 4026 571 4096 ego
589 3997 696 4074 celeri
715 3996 869 4072 devolvo
887 3995 1019 4094 pollice
1037 3995 1166 4088 fusum,
1282 4097 1286 4102 .

128 4117 248 4192 Pensa
266 4116 337 4192 coli
355 4115 527 4214 gravidae
546 4114 608 4189 vix
626 4114 820 4190 decrevere
836 4153 886 4166 --
903 4111 967 4186 sed
984 4138 1071 4187 ecce

127 4232 154 4308 J
157 4259 251 4308 anua
268 4231 434 4330 pulsatur
453 4231 591 4330 digito!
614 4228 759 4328 (festina
776 4227 930 4328 Lycoris
