2930 4734
547 189 666 245 LIBuR
699 191 888 248 SEPTIMUS

136 377 307 471 Annales,
328 378 478 476 linguas,
499 387 606 478 artes,
624 377 873 469 medicamina,
894 377 1004 475 leges,

136 495 260 586 Arma,
274 495 384 592 jubar
402 492 499 589 00110,
517 492 697 568 radiantia
715 492 833 567 sidera
850 493 941 567 coeli
958 537 1008 548 -

137 609 189 684 At
206 637 241 684 sc
258 635 330 682 non
347 608 509 682 discunt!

234 723 310 818 (F.)
328 723 467 798 Didicit
485 722 664 820 permulta
681 722 816 819 puella:

136 837 393 935 Exoneratque
411 837 519 932 colos,
540 848 577 913 01
594 837 714 912 fusum
733 838 862 935 pollice
880 851 1009 934 versat,

136 954 290 1030 Fercula
307 953 421 1028 multa
438 963 552 1052 parat,
572 954 747 1051 percurrit
766 954 910 1051 pectine
928 955 1028 1048 10100,

137 1070 290 1146 Oonsuit
309 1069 475 1168 egregias
495 1080 623 1162 vestes,
644 1068 842 1166 lacerisque
859 1071 1033 1164 medetur,

137 1185 252 1262 Ornat
269 1213 337 1260 aou
356 1185 464 1260 variis
483 1185 639 1283 pretiosa
656 1196 782 1291 tapeta
798 1187 933 1284 figuris,

136 1301 250 1376 Linea
267 1301 418 1375 mundat
436 1304 538 1398 aquis
556 1311 592 1375 01
610 1301 692 1374 ferri
712 1301 871 1398 laevigat
888 1302 982 1399 igne,
1002 1347 1051 1356 —

135 1417 188 1490 At
204 1444 240 1492 sc
256 1443 327 1491 non
345 1416 483 1491 didicit!
504 1414 604 1507 Quae
624 1427 707 1490 sunt
725 1415 870 1510 leviora,
892 1417 1076 1510 docentur,

135 1531 185 1605 Et
203 1531 369 1629 graviora
388 1530 518 1606 latent!
539 1531 636 1606 Dum
654 1531 811 1628 plurima
828 1558 933 1607 nosse
952 1534 1124 1625 videmur,

135 1646 331 1722 Tradimus
349 1645 516 1721 indoctae
535 1647 638 1721 vanis
657 1645 881 1721 sermonibus
899 1647 1020 1722 1101001

234 1761 308 1859 (G.)
330 1761 368 1836 Si
386 1773 423 1836 ta
441 1788 545 1836 nosse
562 1762 674 1859 cupis,
697 1762 815 1836 cordis
832 1762 1077 1859 penetralibus
1096 1763 1215 1860 ignem

135 1877 241 1969 Infer,
262 1886 299 1951 01
316 1877 460 1950 admoto
477 1877 576 1951 muni
594 1887 658 1951 tua
676 1876 812 1950 lumina
831 1879 934 1953 vitre.

135 1993 225 2084 Quis
243 1991 344 2067 dabit
361 1991 455 2066 hunc
473 1992 617 2088 ignem?
634 1991 771 2066 tribuet
788 1992 853 2065 tibi
872 1992 991 2067 nobile
1011 1993 1166 2067 vitrum?

134 2109 222 2182 Fert
239 2107 329 2182 haec
349 2106 442 2181 dona
460 2106 569 2199 Deus,
592 2106 748 2180 Sanctus
766 2106 833 2181 fert
853 2105 1009 2204 Spiritus
1027 2135 1120 2182 unus
1137 2149 1186 2160 —

101 2293 105 2303 ,
134 2223 263 2298 Flecte
280 2249 385 2319 genu,
405 2222 466 2318 pia
484 2221 592 2295 Flora
610 2248 718 2318 soror,
738 2222 803 2296 tibi
823 2249 972 2297 munera
990 2249 1108 2320 posce,

134 2336 377 2436 Accipiesque
395 2338 503 2412 0110...
524 2337 698 2434 patefient
716 2337 838 2414 abdita
857 2339 992 2414 cordis!
1052 2417 1053 2421 ,

135 2453 291 2528 Pallebit
308 2452 442 2548 vultus,
462 2452 579 2526 subito
597 2452 777 2527 terrebere
797 2453 892 2528 visu!

132 2568 244 2643 Forte
260 2568 361 2644 nefas
379 2567 502 2661 aberit,
522 2567 584 2642 sed
603 2578 690 2665 quot
708 2580 860 2665 peccata
877 2569 1026 2662 videbis,

136 2683 238 2776 Quae
255 2682 390 2782 passim
407 2682 546 2756 minimi
564 2681 672 2757 fiunt!
692 2682 907 2780 Peregrinus
925 2684 961 2757 in
981 2685 1064 2758 orbe

134 2799 332 2874 Pulvereae
350 2825 490 2894 semper
508 2797 674 2873 foedatur
691 2799 835 2873 turbine
852 2799 965 2893 molis,
1046 2789 1048 2794 ’

133 2915 259 2990 Donec
277 2941 417 2990 summa
435 2914 510 2988 dies
529 2914 740 3011 languentia
757 2914 893 2990 lumina
910 2915 1067 2991 claudat.

134 3030 189 3106 Ut
205 3030 364 3128 gaudent
381 3030 552 3124 homines
576 3058 686 3128 quum
705 3031 825 3128 largos
842 3032 1024 3106 montibus
1044 3032 1154 3105 edunt

133 3146 354 3222 Thesauros:
374 3145 519 3238 laetare,
541 3170 703 3220 soror-
720 3145 788 3220 nisi
807 3146 957 3222 vulnera
975 3173 1112 3239 cernas,

132 3261 218 3336 Non
235 3261 466 3336 sanabuntur.
488 3259 559 3336 Sed
572 3261 727 3358 jungere
746 3261 844 3337 lucra
860 3263 1024 3354 secondo,

133 3376 251 3470 Flora,
267 3377 389 3474 juvat:
409 3375 488 3449 vitii
506 3377 772 3472 pervestigetur
789 3377 897 3474 01100.

133 3492 347 3568 Scrutantur
364 3490 496 3565 medici
513 3491 649 3587 primas
668 3490 832 3565 examine
850 3517 986 3583 causas,

133 3608 235 3701 Quae
253 3607 395 3682 morbos
413 3608 570 3702 genubre
590 3633 681 3699 0000,
703 3619 743 3681 ut
761 3606 957 3704 pharmaca
975 3607 1114 3703 possint

132 3725 223 3798 Arte
240 3747 368 3821 parare
386 3747 465 3794 sua:
486 3731 571 3798 sunt
587 3721 708 3818 plures
726 3733 872 3820 pectore
891 3734 1036 3817 matres,

131 3837 184 3914 Et
201 3837 308 3913 matri
327 3863 392 3911 sua
410 3835 540 3933 cuique
559 3836 664 3912 datur
681 3837 888 3912 tristissima
906 3837 1036 3934 proles.

133 3954 257 4030 Coeca
275 3951 387 4026 libido
404 3951 509 4049 parit,
529 3951 737 4049 foetumque
756 3953 924 4051 superbia
941 3953 1084 4050 promit,

132 4069 271 4145 Educit
288 4067 447 4144 sobolem
465 4067 602 4141 nummi
621 4067 753 4142 furiosa
771 4068 918 4167 cupid03

131 4185 184 4260 Et
204 4183 343 4260 soboles
361 4183 474 4259 oritur
492 4183 623 4278 sobole,
643 4184 819 4282 matrique
838 4186 1017 4260 secundae
