2962 4742
173 194 227 248 432
650 200 862 256 CARMINUM

174 389 336 464 Plurima
354 389 451 464 lucra
470 388 555 462 viris
572 430 621 441 -
638 388 700 462 sed
717 415 813 463 nunc
833 415 901 486 ego
919 389 1080 464 sciscitor
1097 415 1143 464 ex
1161 400 1213 464 te:

175 506 282 581 Unde
300 504 437 580 homini
456 505 589 596 vinum,
610 503 705 601 quod
724 503 836 578 lassos
854 505 997 579 roborat
1015 516 1122 597 artus,

173 619 366 696 Exhilarat
383 622 565 694 mentem?
582 619 790 716 praeclarus
808 620 939 717 ubique
957 620 1118 695 locorum

174 736 317 811 Vinitor
336 747 391 810 est
411 762 513 826 unus,
534 735 634 810 Deus
652 748 717 831 est,
737 737 796 833 qui
813 735 965 834 protulit
982 738 1089 810 uvas!

129 899 133 908 ·
175 852 293 926 Vinea
311 861 390 926 tota
410 851 554 948 quidem
574 850 679 925 datur
697 852 899 928 exercenda
917 852 1055 948 colono,

175 968 259 1041 Non
276 977 399 1041 tamen
417 977 472 1041 est
491 967 569 1064 ejus
588 966 769 1041 vindemia
786 979 892 1064 parta
909 968 1066 1044 labore...

175 1082 329 1180 Saepius
347 1083 418 1157 heu
437 1082 589 1179 graciles
607 1083 705 1179 aegri
724 1083 864 1180 rarique
882 1083 1028 1180 racemi3

176 1197 238 1274 Sol
256 1199 388 1273 etenim
406 1209 529 1290 torret,
550 1199 682 1272 nimius
700 1198 903 1272 demittitur
921 1199 1044 1290 imber,

174 1313 296 1388 Effera
313 1314 453 1411 grando
470 1315 552 1406 ruit,
573 1315 805 1388 committunt
823 1313 961 1411 proelia
978 1314 1089 1408 venti,

173 1429 225 1504 Et
242 1440 424 1527 nequeunt
442 1427 604 1503 homines
621 1428 808 1503 rodentem
827 1428 953 1504 tollere
970 1431 1144 1522 morbum,

173 1543 286 1619 Nulla
304 1545 411 1618 datur
429 1545 610 1619 medicina
626 1544 758 1618 male...
777 1545 876 1618 Deus
894 1572 987 1620 unus
1005 1546 1135 1620 amoris

174 1661 339 1736 Uvarum
358 1659 533 1752 dominus
555 1659 622 1733 sibi
640 1658 775 1733 tradita
791 1686 941 1734 munera
959 1671 1081 1734 servat
1187 1673 1188 1678 ’

174 1776 326 1873 Semper
344 1801 454 1849 avara
471 1802 614 1870 manua,
634 1774 838 1872 quaerenda
856 1775 1027 1872 pecunia!
1049 1802 1203 1850 nonne...

172 1893 304 1966 Nonne
321 1917 459 1964 merum
478 1890 650 1964 miscetur
668 1916 791 1986 aquae,
812 1891 853 1964 fit
870 1891 1130 1989 copiamajor?

172 2008 304 2081 Nonne
322 2006 439 2080 minor
456 2031 625 2080 mensura
642 2004 749 2079 dolo?
766 2006 956 2104 variosque
974 2006 1129 2103 liquores

173 2124 366 2198 Assooiare
379 2124 497 2220 juvat,
517 2131 757 2219 corruptaque
776 2122 861 2195 vina
878 2121 985 2196 saluti
1075 2179 1079 2188 .

173 2239 402 2314 Detrimenta
418 2239 570 2334 parant?
587 2236 661 2311 late
678 2263 743 2334 per
761 2237 922 2335 compita
939 2237 1052 2311 fertur

173 2355 316 2447 Ebrius,
337 2354 532 2444 ardescunt
549 2351 646 2428 oculi
665 2351 859 2450 vultusque
877 2353 1047 2445 rubescit,

174 2470 380 2568 incertique
398 2470 518 2568 pedes,
539 2468 670 2544 delirat
687 2468 822 2565 lingua,
840 2469 992 2567 ruitque,

176 2585 321 2661 Stratus
338 2585 439 2660 humi
458 2585 590 2660 dormit
607 2585 791 2659 turbarum
810 2573 966 2660 dedecus
984 2585 1124 2682 ingens.

271 2702 347 2791 (Β.)
366 2701 464 2776 Urbs
481 2700 571 2775 haec
590 2700 729 2775 Justini
747 2727 841 2775 nuno
859 2728 983 2776 somno
1001 2728 1120 2776 mersa
1137 2703 1298 2799 quiescit

173 2817 282 2892 Nunc
302 2829 403 2893 artus
420 2828 566 2915 reparat
585 2815 709 2909 lassos,
729 2819 882 2913 posuere
899 2815 1052 2907 labores,

173 2931 223 3006 Et
241 2959 346 3007 curas
364 2935 516 3029 posuere
535 2931 677 3005 simul...
697 2959 768 3030 quo
786 2932 945 3007 carmine
964 2932 1082 3008 dicam

174 3047 326 3122 Munera
344 3058 446 3122 tanta
463 3047 550 3121 Dei!
570 3073 642 3120 non
660 3045 751 3122 haec
770 3047 942 3145 mysteria
960 3048 1076 3121 somni

174 3161 338 3238 Pandere
356 3163 481 3260 lingua
498 3162 605 3255 valet,
627 3161 712 3259 quia
729 3174 814 3237 sunt
831 3163 1008 3260 impervia
1025 3165 1148 3238 menti.

173 3275 245 3373 Eja
262 3303 353 3351 voca
371 3303 570 3352 somnum...
591 3278 715 3352 morbo
734 3278 916 3353 cruciatus
934 3286 1039 3354 acuto

173 3390 330 3468 Lumina
345 3419 416 3466 non
434 3392 583 3485 claudis,
604 3393 735 3468 frustra
753 3405 901 3468 tenuata
919 3394 1061 3469 volutat

174 3505 339 3580 Membra
355 3517 433 3582 toro
451 3508 561 3602 molli,
583 3509 612 3582 si
631 3535 735 3606 quem
754 3522 854 3584 tenet
872 3511 981 3584 anxia
998 3538 1094 3604 cura,

171 3623 250 3695 Aut
266 3622 398 3698 rodunt
413 3650 590 3699 vermes...
610 3625 631 3717 i,
653 3652 782 3722 quaere
801 3652 995 3723 papavera,
1017 3653 1163 3701 somnus

173 3736 257 3811 Non
276 3736 414 3812 relevat
433 3738 538 3831 vires,
558 3740 732 3828 mentitur
749 3740 869 3837 imago
888 3741 1038 3839 soporis.

171 3851 229 3925 Tu
247 3852 356 3927 miser
375 3879 422 3948 es,
444 3853 581 3930 fateare
599 3883 695 3953 rogo,
716 3882 805 3953 rogo
823 3883 916 3954 pone
935 3884 1117 3933 coronam.

271 3967 310 4043 Si
329 3967 462 4066 placet,
483 3970 628 4045 uberius
646 3971 899 4047 meditabimur
917 3973 1037 4048 omnia
1054 3975 1170 4048 nostri

173 4081 429 4159 Emolumenta
446 4086 530 4159 tori:
553 4086 738 4161 videamus
757 4087 878 4184 lignea
896 4099 1010 4162 strata

170 4198 362 4298 Primaque
382 4200 496 4275 fulcra
513 4202 592 4294 tori,
613 4214 696 4276 sunt
714 4202 832 4278 laevia
850 4230 967 4300 saepe,
991 4205 1156 4280 decora...
