3030 4734
663 207 877 264 CARMINUM

343 394 394 470 Et
412 394 505 470 cassi
523 395 652 471 merito
671 395 805 470 lumine
822 396 1053 494 plectimurl..

345 509 528 608 Quidquid
546 521 651 585 uasta
668 511 742 609 poli
759 512 860 608 regia
879 513 1051 605 continet,

345 623 528 740 Quidquid
545 635 641 700 terra
659 627 739 700 sinu
758 627 919 702 continet
936 627 1054 720 ubere,

440 739 580 816 Felices
598 741 693 816 oculi
711 742 849 838 vident,

345 972 427 1066 Sed,
447 972 508 1070 qui
526 970 611 1046 fecit
629 998 728 1068 opus,
749 971 885 1045 lumina
902 997 973 1045 non
992 971 1152 1045 vident...

343 1087 536 1164 “Aeternis
555 1087 683 1162 atomis
701 1087 857 1161 mundus
876 1087 1050 1184 originem

343 1203 462 1278 Debet
480 1203 705 1300 fortuitaml„
727 1203 1038 1300 sesquipedalibus

439 1319 571 1396 Verbis
589 1319 678 1394 haec
698 1319 789 1394 fatui
807 1319 949 1395 docent.

343 1551 526 1624 Pictorem
543 1548 689 1624 tabulae
707 1547 872 1650 protinus
889 1549 1053 1640 innuunt,

328 1665 570 1763 'Sculptorem
588 1675 741 1758 statuae,
762 1665 870 1739 docta
887 1663 1072 1738 uolumina

342 1782 549 1874 Auctorem,
570 1807 679 1873 arma,
698 1791 805 1872 rates,
825 1805 923 1873 vasa,
942 1779 1081 1878 palatia

439 1896 602 1971 Produnt
618 1895 803 1993 ingenium
821 1896 924 1970 fabri.

341 2127 392 2202 Et
408 2153 557 2225 procera
574 2127 643 2204 Dei
661 2125 810 2224 praebet
826 2126 1021 2224 imaginem

341 2243 469 2337 Arbor,
490 2243 641 2340 praebet
659 2243 737 2317 av'is
755 2241 860 2317 dulce
878 2269 1013 2320 canens
1030 2241 1152 2336 melos,

339 2357 507 2454 Bombyx
525 2385 585 2433 ore
604 2385 752 2433 vomens
769 2357 831 2432 fila
847 2358 1001 2452 tenacia,

436 2472 598 2549 Tradens
615 2473 724 2548 mella
740 2473 833 2548 favis
851 2500 954 2572 apes3

339 2701 494 2778 Praebet
511 2703 585 2776 vini
604 2703 698 2778 acidi
716 2713 831 2800 gutta,
852 2705 1078 2782 animalculis

340 2818 441 2910 Quae
460 2844 602 2916 semper
619 2819 776 2894 minimis
794 2819 920 2917 affluit,
939 2820 1083 2898 horrido

338 2933 560 3008 Immensum
577 2933 730 3032 pelagus
747 2934 890 3009 turbine
909 2937 1086 3036 saeviens,

436 3049 605 3125 Oondens
616 3061 784 3124 monstra
799 3053 978 3154 natantia.v

338 3281 389 3355 Et
405 3281 498 3356 coeli
516 3281 630 3379 piceis
647 3281 804 3356 nubibus
822 3283 939 3379 obsiti,

337 3397 388 3472 Et
403 3397 558 3472 flammis
575 3397 706 3473 trifidis
726 3398 800 3473 tela
816 3402 967 3497 ruentia,

338 3513 440 3605 Quae
458 3513 531 3589 late
549 3514 706 3607 reboant,
726 3541 837 3590 rauca
854 3518 1021 3614 tonitrua,

435 3627 570 3704 Omnes
588 3656 666 3704 esse
684 3629 803 3705 Deum
821 3632 960 3709 docent.

257 3874 262 3887 '
336 3858 591 3958 Nequidquam
609 3861 761 3938 miserae
779 3864 886 3940 laude
904 3867 1073 3942 scientiae

337 3974 592 4074 Nequidquam
608 3977 765 4075 erigeris,
786 3980 897 4056 stulta
914 3983 1090 4079 superbia,

336 4089 446 4189 Ignes
463 4103 503 4166 tu
521 4091 639 4168 fatuos
656 4095 791 4191 promis
809 4096 999 4194 inhospitis

432 4205 625 4283 Delectata
642 4209 845 4306 paludibus.
