2988 4730
629 231 843 288 CARMINUM

273 421 403 514 Mater,
423 446 517 519 pone
534 418 682 495 modum
701 432 823 495 tuae...

369 535 563 611 Delectant
583 534 741 634 Superos
758 535 950 610 continuae
971 561 1111 633 preces;

272 653 304 729 Ο
322 652 496 728 altaribus
514 651 653 744 advola,

370 769 490 861 Quum
509 767 562 844 sol
581 767 751 861 exoritur,
772 794 883 866 quum
902 767 1032 865 pelago
1051 768 1184 862 subest,

271 885 420 962 Circum
438 884 589 959 brachia
606 884 653 958 da
670 885 774 977 cruci,

369 1002 413 1076 In
431 1028 502 1099 qua
521 1000 653 1098 pendet
670 999 793 1092 Amor,
814 999 874 1096 qui
893 999 986 1096 petit
1004 999 1153 1096 accipit3

273 1119 304 1196 Ο
324 1118 429 1217 pulsa
446 1118 561 1216 digito
579 1117 682 1210 fores,

370 1233 481 1309 Pulsa
496 1233 676 1324 continue,
696 1257 782 1306 mox
799 1231 917 1306 socius
935 1230 1027 1306 feret

271 1349 360 1424 Tres
377 1375 489 1448 panes
506 1348 602 1422 socio
620 1373 695 1422 suo.

369 1463 482 1539 Luxit
499 1489 620 1560 gnava
637 1463 698 1537 diu
718 1462 864 1537 Monica
881 1461 1005 1555 filium,

272 1581 436 1673 Quocum
453 1605 550 1654 nunc
568 1578 699 1653 fruitur
716 1577 779 1652 diu

370 1694 472 1771 Coeli
487 1693 659 1769 deliciis...
681 1693 720 1768 Si
739 1693 896 1790 gemitus
914 1693 968 1768 tui

268 1813 388 1888 Aures
405 1837 477 1886 non
493 1820 684 1909 penetrent
701 1809 780 1902 Dei,

367 1928 495 2020 Mater,
515 1952 609 2024 pone
626 1937 801 2001 metum...
822 1925 939 2000 sidera
956 1936 1146 2023 temperat,
1263 1999 1266 2004 ,

270 2045 321 2120 Et
337 2044 440 2119 novit
456 2043 617 2140 capitum
634 2041 771 2116 comas!

366 2159 516 2234 Tu-liba
532 2157 654 2233 manui
673 2157 837 2255 protinus
856 2156 986 2250 oscula,

269 2277 371 2369 Quae
387 2287 424 2350 te
443 2273 653 2350 verberibus
670 2283 784 2348 notat.

368 2391 504 2467 Omnes
522 2389 719 2482 deficimus,
739 2415 858 2487 poena
875 2401 998 2466 manet
1015 2390 1138 2489 gravis

272 2507 587 2605 Unumquemque,
602 2506 711 2603 juvat
729 2504 817 2599 Dec,

369 2623 468 2697 Dum
487 2622 600 2695 vitam
618 2619 807 2717 trahimus,
827 2621 949 2697 debita
967 2621 1117 2721 solvere,

269 2739 306 2813 N
308 2766 328 2814 e
346 2748 429 2837 post
446 2737 575 2811 ultima
592 2735 669 2810 fata
685 2761 751 2810 nos

366 2852 546 2928 Horrendi
564 2851 736 2927 tenebrae
752 2854 904 2928 carceris
922 2853 1086 2930 obruant.

271 2968 445 3045 Sanctam
464 2968 579 3042 lustra
596 2966 711 3042 oculis
729 2995 882 3062 crucem,

367 3085 490 3162 Clavi!
511 3084 631 3182 spina!
651 3083 761 3158 latus!
781 3110 867 3158 num
885 3084 985 3160 Deus
1003 3085 1060 3162 hic
1077 3099 1163 3163 tuus

270 3199 421 3276 Blandis
437 3199 603 3275 incubuit
620 3199 733 3273 rosis?

367 3316 495 3408 Mater,
515 3341 561 3390 ne
579 3314 731 3406 dubites
753 3313 972 3412 supplicium
990 3317 1044 3392 tui

268 3431 338 3507 Est
355 3431 470 3506 multo
487 3430 635 3526 gravius
653 3430 733 3504 Dei.

368 3547 523 3624 Obtrudi
540 3545 676 3621 rabidis
693 3572 778 3621 esca
795 3545 959 3621 leonibus

269 3662 434 3738 Antiates
452 3662 567 3737 voluit
586 3662 734 3760 Syrus...

366 3777 437 3852 Est
454 3777 573 3852 luctus
591 3776 719 3852 melior
736 3777 907 3853 dentibus
924 3777 1094 3857 homidis!

271 3891 342 3985 Qui
360 3893 480 3990 pascit
497 3893 660 3968 volucres
678 3919 802 3993 vagae,

369 4007 440 4099 Qui
458 4009 573 4106 cingit
589 4009 714 4084 nitidis
731 4008 808 4084 lilia
824 4011 997 4107 vestibus,

270 4124 343 4202 Hic
360 4151 503 4223 semper
519 4151 657 4200 memor
674 4136 729 4200 est
746 4125 817 4200 tui!

368 4240 487 4317 Cursu
504 4239 582 4314 vita
597 4239 669 4316 cito
687 4239 830 4332 labitur,
850 4251 887 4314 et
903 4240 1004 4316 brevi

385 4394 1051 4689 W«
