2930 4734
169 166 224 224 412
646 175 860 234 CARMINUM

169 362 324 438 Edimus
341 389 401 440 ore
419 389 535 458 sonos,
555 389 627 440 vox
643 363 785 439 reddita
802 363 916 440 fertur
934 363 980 440 ad
998 390 1114 461 aures,

168 477 319 555 Discere
336 478 451 555 multa
469 478 564 576 licet,
582 490 726 554 teneras
744 477 897 556 affamur
914 479 1063 556 amicas.

268 594 342 692 (V.)
361 594 461 671 Aure
478 605 602 671 carent
619 593 735 689 multi,
757 605 841 670 sunt
856 594 962 671 multi
980 585 1072 670 voce
1091 607 1272 690 carentes,
1298 589 1307 602 ’

167 712 290 809 Aegre
308 710 413 808 signa
424 711 568 809 juvant.

266 825 341 916 (R.)
360 825 474 902 Miser
491 836 547 902 cst
563 825 744 901 Antonius
763 825 865 919 eheu,
944 868 948 874 ·

165 942 237 1017 Est
253 939 382 1017 surdus
398 950 592 1040 mutusque
618 967 708 1040 puer
724 983 773 996 -
789 952 912 1017 tamen
929 966 1014 1022 ecce
1032 939 1176 1038 legendi

169 1057 430 1156 Scribendique
448 1056 555 1131 simul
572 1056 658 1132 Tito
675 1056 854 1132 referente
873 1055 1020 1154 peritus,

164 1173 218 1249 Et
234 1185 357 1250 versat
373 1172 515 1266 librum,
536 1172 566 1246 si
583 1170 710 1270 templi
728 1171 938 1247 advolvitur
955 1172 1035 1266 aris,

164 1289 217 1364 Et
233 1299 385 1387 peccata
402 1297 505 1362 notat
522 1286 674 1381 calamo,
697 1286 909 1385 calamoque
928 1288 1099 1363 sacerdos

165 1403 290 1480 Verba
305 1403 371 1479 dat
387 1412 539 1478 attento.

263 1519 331 1610 (J.)
351 1519 432 1610 Qua
451 1519 591 1617 possint
607 1529 684 1594 arte
704 1518 822 1596 doceri

165 1635 217 1710 Hi
233 1634 356 1710 miseri
374 1635 490 1733 pueri,
509 1661 582 1710 non
597 1633 788 1731 investigo,
807 1634 963 1710 fatebor:

149 1749 381 1849 ‚Ingeniosus
399 1750 515 1825 amor!
537 1748 609 1825 Sed
627 1759 726 1827 certe
744 1749 860 1825 carior
878 1750 976 1824 auris

165 1866 324 1964 Integra,
343 1865 470 1963 lingua
486 1865 633 1963 potensi
652 1863 842 1963 Dominus,
860 1892 967 1963 quem
984 1864 1153 1940 novimus
1172 1891 1302 1943 omnes

165 1981 335 2057 Protinus
352 1979 529 2058 auxilium
548 1979 665 2056 surdis
681 1981 867 2078 mutisque
884 1980 1021 2074 tulisse,

165 2095 276 2172 Plura
293 2096 393 2173 dedit
410 2095 526 2172 nobis.

261 2212 340 2301 (V.)
357 2211 455 2287 Hinc
475 2210 570 2309 grati
587 2232 697 2310 saepe
710 2211 881 2310 jubemur

166 2327 345 2404 Obturare
363 2353 468 2403 aures
485 2326 630 2425 patulas
648 2325 880 2426 linguamque
898 2337 1032 2403 tenere.

263 2442 336 2540 (R.)
356 2441 513 2517 Garrula
529 2441 655 2540 lingua
670 2442 760 2517 mihi
779 2442 1010 2541 studiumque
1026 2442 1184 2518 immane

163 2557 344 2656 loquendi,

165 2673 238 2749 Res
256 2673 379 2749 audire
397 2699 510 2748 novas
528 2672 648 2770 placet
663 2715 713 2726 -
728 2672 786 2748 hic
804 2672 953 2748 tollatur
970 2673 1114 2749 abusus.

262 2789 330 2888 (J)
350 2789 451 2866 Ecce
468 2815 597 2863 manus
614 2788 717 2864 binas
735 2789 916 2887 variisque
934 2788 1118 2864 laboribus
1135 2799 1253 2887 aptas,

164 2904 230 2980 Bis
248 2905 346 3005 quini
363 2904 478 3003 digiti,
500 2904 700 3003 seriemque
718 2905 875 2980 admiror
892 2930 1031 3002 eorum;

167 3019 206 3096 Si
223 3020 387 3096 medicus
403 3019 493 3095 mihi
510 3020 602 3095 forte
618 3046 775 3115 manum,
796 3019 950 3117 digitum
967 3019 1188 3115 subitumve,

164 3136 324 3212 Brachia
341 3137 372 3212 si
390 3137 581 3236 quisquam
598 3134 692 3210 ferro
709 3145 893 3211 truncaret
910 3146 1028 3229 acute,

165 3252 359 3328 Infandum
376 3252 516 3345 vulnus,
537 3251 746 3348 languerem
765 3261 878 3328 strata
895 3250 1027 3343 dolore,

166 3369 308 3467 Corpus
326 3367 434 3464 iners,
452 3365 580 3465 procul
597 3365 681 3441 inde
698 3365 800 3440 labor
812 3407 861 3420 -
875 3393 966 3464 quae
983 3367 1106 3443 taedia
1122 3371 1308 3448 moestacl

264 3484 338 3582 (V.)
358 3483 396 3559 Si
414 3483 531 3558 virtus
548 3481 683 3579 ignava
699 3481 844 3580 pedum,
865 3484 895 3556 si
912 3482 1063 3558 claudus
1081 3496 1206 3581 egeret

166 3598 347 3675 Continuo
366 3599 504 3692 baculo,
525 3599 555 3672 si
572 3607 799 3672 truncaretur
817 3608 925 3674 acuto

165 3715 288 3807 Ferro,
307 3725 472 3810 tenerer,
489 3711 656 3788 manibus
674 3712 900 3813 pedibusque
919 3714 1101 3790 valentem

71 3894 76 3908 ,
165 3830 225 3904 Me
243 3828 410 3904 video-
426 3827 526 3904 Deus
545 3827 770 3925 omnipotens
788 3829 1002 3926 sapiensque
1020 3829 1230 3928 bonusque!
1449 3859 1450 3862 ¹

264 3943 335 4043 (R.)
354 3942 474 4020 Triste
491 3942 783 4038 malumcancer,
804 3943 897 4019 solet
912 3944 1176 4022 immedicabile
1195 3946 1339 4026 vulnus

166 4059 319 4159 Serpere
335 4101 385 4114 -
401 4059 597 4157 languebat
613 4057 742 4136 mulier
758 4059 921 4135 cruciata
937 4058 1071 4158 dolore,

117 4180 119 4184 ’
164 4177 291 4272 Nares,
312 4165 422 4271 labra,
442 4200 555 4274 genas
572 4172 703 4251 medici
721 4177 866 4252 secuere
884 4174 1037 4251 feroces:
