2930 4734
545 219 664 274 LIBER
692 217 881 272 SEPTIMUS

130 401 302 500 Impubes
320 413 433 479 artem
451 403 525 478 fors
542 429 613 478 non
631 402 785 478 didicdre
803 402 961 500 legendi,

128 517 182 590 At
200 517 296 622 quod
313 519 397 594 fecit
416 545 506 616 opus
524 519 635 592 totius
653 518 817 594 conditor
835 517 939 610 orbis,

130 631 293 707 Pendere
311 643 431 708 mente
447 644 591 731 queunt,
611 659 671 708 cor
688 633 800 708 sacris
818 659 919 708 urere
936 632 1099 710 flammis.

228 747 259 821 F
261 747 428 822 uudimus
446 775 506 823 ore
525 775 658 845 preces,
679 748 831 822 sednon
849 748 1070 824 advertimus
1089 775 1207 822 aures:

131 861 339 938 Sollicitant
355 890 471 958 curae,
491 864 598 938 timor
615 863 725 961 angit,
746 863 844 938 lenta
863 873 1040 955 senectus

130 977 204 1052 Cor
221 977 298 1053 sine
316 978 414 1054 fonte
432 979 535 1076 riget,
555 979 701 1053 fastidia
718 978 826 1076 longa
843 979 1016 1071 laborum,

131 1091 292 1190 Corpora
309 1092 461 1191 languor
479 1093 598 1185 habet,
619 1120 824 1191 vesanaque
842 1120 1027 1168 murmura
1044 1093 1199 1168 miscent
1215 1133 1264 1148 -·

130 1209 183 1282 At
200 1207 300 1282 labor
318 1208 377 1284 hic
396 1221 518 1284 noster
535 1208 663 1301 facilis,
683 1211 802 1284 brevis
822 1220 930 1307 atque
948 1209 1084 1284 suavis:

131 1322 236 1396 Mens
253 1349 324 1398 non
341 1325 517 1418 turbatur,
538 1325 699 1422 sequitur
716 1352 776 1399 cor
794 1324 891 1400 illico
910 1336 1080 1400 mentem.

231 1438 303 1535 (F.)
321 1439 415 1516 Ecce
434 1440 580 1537 placent
596 1441 774 1514 brevitate
792 1467 928 1538 preces,
949 1441 1012 1516 scd
1028 1466 1134 1516 nemo
1148 1447 1305 1516 vetatur*

133 1555 213 1630 Has
231 1555 363 1630 iterare
382 1582 519 1654 preces,
540 1555 721 1630 effundere
739 1556 844 1630 corde
863 1556 1068 1654 frequentes

132 1670 359 1768 Unaquaque
377 1670 446 1744 die.
465 1669 605 1745 Mulcet
624 1697 689 1746 sua
707 1698 886 1768 quemque
905 1671 1089 1768 voluptas:

131 1785 334 1883 Exagitant
351 1785 502 1882 lepores,
523 1786 644 1884 pisces
661 1786 851 1884 capiuntur
870 1787 914 1861 ab
933 1786 1049 1878 hamo,

135 1881 187 1976 Et
205 1901 302 1975 visco
320 1899 451 1977 fallunt
469 1901 642 1994 volucres
663 1911 700 1978 et
716 1901 875 1976 carmina
892 1912 1057 1976 cantant:

134 2017 214 2091 Nos
231 2027 379 2091 teneant
395 2016 555 2111 meliora,
569 2018 677 2114 juvat
695 2016 903 2114 conquirere
921 2027 1043 2091 mente

136 2131 286 2230 Semper
302 2132 435 2230 ubique
454 2130 583 2224 Deum,
604 2159 674 2229 quo
690 2142 784 2207 teste
803 2137 864 2206 co'r
881 2132 965 2230 igue
983 2130 1130 2227 calebit3

137 2247 272 2345 Ecquis
290 2248 385 2322 enim
403 2258 592 2344 praesente
611 2247 689 2322 Deo
708 2247 928 2322 contaminet
945 2246 1019 2321 ulla
1106 2317 1112 2322 .

135 2363 359 2440 Gaudentem
376 2361 518 2436 macula
535 2365 697 2438 vestem?

234 2477 307 2575 (C.)
327 2478 505 2554 Docuisse
523 2489 703 2552 memento

134 2595 218 2670 Hoc
237 2620 351 2690 genus
370 2593 492 2667 orandi
511 2593 725 2692 Dominum!

234 2709 309 2806 (F.)
327 2709 376 2784 Ni
394 2708 552 2782 fallimur
570 2735 701 2802 omnes,

136 2827 355 2902 Francisous
372 2825 495 2900 docuit
515 2825 739 2900 Genevensis
759 2827 961 2924 episcopus.

233 2941 310 3037 (C.)
330 2940 448 3033 Erras,

136 3056 321 3131 Francisci
340 3055 430 3130 libro
448 3055 539 3130 liber
558 3067 612 3130 est
631 3057 809 3154 antiquior
826 3057 896 3150 ille,

137 3171 206 3248 Cui
225 3171 327 3248 Deus
345 3182 401 3246 est
418 3182 557 3265 auctor,
576 3171 681 3269 cujus
699 3171 903 3248 venerabile
922 3199 1062 3266 nomen,

136 3287 311 3386 Continet
326 3287 384 3362 hio
401 3287 514 3361 codex
533 3286 678 3360 Domini
698 3299 934 3362 monumenta
952 3288 1125 3363 docentis.

235 3403 307 3500 (F.)
326 3403 386 3477 Me
405 3403 527 3500 gravis
545 3402 649 3477 ardor
667 3402 777 3478 habet
794 3403 967 3478 discendi.

233 3517 311 3616 (G.)
332 3517 510 3592 Conditus
527 3505 615 3614 agro

134 3632 353 3724 Thesaurus,
375 3632 542 3707 volucres
559 3644 596 3707 et
613 3633 700 3730 lilia,
721 3634 858 3708 semina
876 3635 1007 3733 campi,

136 3748 243 3822 Mane
262 3773 390 3822 aurora
406 3748 547 3842 rubens,
567 3748 769 3823 rubicunda
787 3748 1003 3846 crepuscula
1019 3749 1144 3840 noctis,

135 3862 336 3960 Ablutique
355 3862 474 3959 pedes,
495 3863 694 3962 eductaque
711 3864 803 3939 retia
820 3876 941 3961 pont0,

138 3975 273 4053 Secreti
291 3977 417 4075 pisces,
438 3978 615 4056 fermento
633 3979 748 4054 mixta
764 3980 888 4073 farina,

138 4091 228 4185 Lurr,
250 4093 431 4185 tenebrae,
453 4093 586 4186 lolium,
607 4105 763 4191 segetes,
781 4094 1045 4193 maledictaque
1062 4095 1162 4187 ficus,

137 4207 282 4284 Vermis
300 4233 373 4281 non
390 4207 556 4303 moriens,
576 4219 612 4282 et
630 4208 835 4306 margarita,
856 4210 1002 4307 sinapis,

54 4466 148 4550 h
