<?xml version="1.0" encoding="UTF-8"?>
<!DOCTYPE html PUBLIC "-//W3C//DTD XHTML 1.0 Transitional//EN"
    "http://www.w3.org/TR/xhtml1/DTD/xhtml1-transitional.dtd">
<html xmlns="http://www.w3.org/1999/xhtml" xml:lang="en" lang="en">
 <head>
  <title>
</title>
<meta http-equiv="Content-Type" content="text/html;charset=utf-8" />
  <meta name='ocr-system' content='tesseract 3.04.00' />
  <meta name='ocr-capabilities' content='ocr_page ocr_carea ocr_par ocr_line ocrx_word'/>
</head>
<body>
  <div class='ocr_page' id='page_1' title='image "./carminumlibrioc00schngoog_0420.png"; bbox 0 0 2930 4734; ppageno 0'>
   <div class='ocr_carea' id='block_1_1' title="bbox 544 239 893 296">
    <p class='ocr_par' dir='ltr' id='par_1_1' title="bbox 544 239 893 296">
     <span class='ocr_line' id='line_1_1' title="bbox 544 239 893 296; baseline 0.003 -2"><span class='ocrx_word' id='word_1_1' title='bbox 544 239 668 296; x_wconf 81' lang='lat' dir='ltr'>LIBER</span> <span class='ocrx_word' id='word_1_2' title='bbox 700 239 893 296; x_wconf 72' lang='lat' dir='ltr'>sufflatus</span> 
     </span>
    </p>
   </div>
   <div class='ocr_carea' id='block_1_2' title="bbox 131 424 1026 641">
    <p class='ocr_par' dir='ltr' id='par_1_2' title="bbox 131 424 1026 641">
     <span class='ocr_line' id='line_1_2' title="bbox 131 424 1016 523; baseline -0.002 -17"><span class='ocrx_word' id='word_1_3' title='bbox 131 427 222 506; x_wconf 87' lang='lat' dir='ltr'>Otia</span> <span class='ocrx_word' id='word_1_4' title='bbox 238 453 311 504; x_wconf 90' lang='lat' dir='ltr'>non</span> <span class='ocrx_word' id='word_1_5' title='bbox 328 425 467 504; x_wconf 89' lang='lat' dir='ltr'>faciunt</span> <span class='ocrx_word' id='word_1_6' title='bbox 483 424 643 521; x_wconf 88' lang='lat' dir='ltr'>choreae,</span> <span class='ocrx_word' id='word_1_7' title='bbox 663 451 735 502; x_wconf 93' lang='lat' dir='ltr'>non</span> <span class='ocrx_word' id='word_1_8' title='bbox 753 426 847 502; x_wconf 88' lang='lat' dir='ltr'>festa</span> <span class='ocrx_word' id='word_1_9' title='bbox 862 425 1016 523; x_wconf 85' lang='lat' dir='ltr'>theatra,</span> 
     </span>
     <span class='ocr_line' id='line_1_3' title="bbox 132 539 1026 641; baseline -0.001 -22"><span class='ocrx_word' id='word_1_10' title='bbox 132 539 220 619; x_wconf 83' lang='lat' dir='ltr'>Non</span> <span class='ocrx_word' id='word_1_11' title='bbox 236 543 399 641; x_wconf 90' lang='lat' dir='ltr'>impurus</span> <span class='ocrx_word' id='word_1_12' title='bbox 418 567 527 636; x_wconf 88' lang='lat' dir='ltr'>amor,</span> <span class='ocrx_word' id='word_1_13' title='bbox 546 552 712 639; x_wconf 87' lang='lat' dir='ltr'>correpta</span> <span class='ocrx_word' id='word_1_14' title='bbox 729 541 914 617; x_wconf 90' lang='lat' dir='ltr'>volumina</span> <span class='ocrx_word' id='word_1_15' title='bbox 930 543 1026 618; x_wconf 90' lang='lat' dir='ltr'>tabo.</span> 
     </span>
    </p>
   </div>
   <div class='ocr_carea' id='block_1_3' title="bbox 79 653 1219 3990">
    <p class='ocr_par' dir='ltr' id='par_1_3' title="bbox 133 653 1023 736">
     <span class='ocr_line' id='line_1_4' title="bbox 133 653 1023 736; baseline -0.002 -1"><span class='ocrx_word' id='word_1_16' title='bbox 133 653 291 736; x_wconf 83' lang='lat' dir='ltr'><strong>Viscera</strong></span> <span class='ocrx_word' id='word_1_17' title='bbox 307 657 502 734; x_wconf 88' lang='lat' dir='ltr'>corrodunt</span> <span class='ocrx_word' id='word_1_18' title='bbox 519 684 675 734; x_wconf 89' lang='lat' dir='ltr'>vermes:</span> <span class='ocrx_word' id='word_1_19' title='bbox 692 683 767 733; x_wconf 92' lang='lat' dir='ltr'>non</span> <span class='ocrx_word' id='word_1_20' title='bbox 783 657 907 733; x_wconf 86' lang='lat' dir='ltr'>laurea</span> <span class='ocrx_word' id='word_1_21' title='bbox 924 669 1023 735; x_wconf 86' lang='lat' dir='ltr'>serta</span> 
     </span>
    </p>

    <p class='ocr_par' dir='ltr' id='par_1_4' title="bbox 131 770 1067 871">
     <span class='ocr_line' id='line_1_5' title="bbox 131 770 1067 871; baseline 0.002 -23"><span class='ocrx_word' id='word_1_22' title='bbox 131 770 394 850; x_wconf 75' lang='lat' dir='ltr'>Emolumenta</span> <span class='ocrx_word' id='word_1_23' title='bbox 411 783 549 871; x_wconf 87' lang='lat' dir='ltr'>parant,</span> <span class='ocrx_word' id='word_1_24' title='bbox 568 798 641 848; x_wconf 90' lang='lat' dir='ltr'>non</span> <span class='ocrx_word' id='word_1_25' title='bbox 659 773 772 849; x_wconf 90' lang='lat' dir='ltr'>vestis</span> <span class='ocrx_word' id='word_1_26' title='bbox 789 773 926 849; x_wconf 90' lang='lat' dir='ltr'>murice</span> <span class='ocrx_word' id='word_1_27' title='bbox 944 772 1067 869; x_wconf 89' lang='lat' dir='ltr'>tincta,</span> 
     </span>
    </p>

    <p class='ocr_par' dir='ltr' id='par_1_5' title="bbox 133 887 992 988">
     <span class='ocr_line' id='line_1_6' title="bbox 133 887 992 988; baseline 0.001 -25"><span class='ocrx_word' id='word_1_28' title='bbox 133 887 219 964; x_wconf 86' lang='lat' dir='ltr'>Non</span> <span class='ocrx_word' id='word_1_29' title='bbox 235 887 404 986; x_wconf 85' lang='lat' dir='ltr'>laqueare</span> <span class='ocrx_word' id='word_1_30' title='bbox 420 888 560 983; x_wconf 90' lang='lat' dir='ltr'>domus,</span> <span class='ocrx_word' id='word_1_31' title='bbox 578 915 650 965; x_wconf 94' lang='lat' dir='ltr'>non</span> <span class='ocrx_word' id='word_1_32' title='bbox 668 889 746 965; x_wconf 88' lang='lat' dir='ltr'>auri</span> <span class='ocrx_word' id='word_1_33' title='bbox 763 889 870 988; x_wconf 90' lang='lat' dir='ltr'>copia</span> <span class='ocrx_word' id='word_1_34' title='bbox 886 888 992 987; x_wconf 87' lang='lat' dir='ltr'>fulvi;</span> 
     </span>
    </p>

    <p class='ocr_par' dir='ltr' id='par_1_6' title="bbox 133 1001 957 1103">
     <span class='ocr_line' id='line_1_7' title="bbox 133 1001 957 1103; baseline 0.005 -27"><span class='ocrx_word' id='word_1_35' title='bbox 133 1001 309 1079; x_wconf 81' lang='lat' dir='ltr'>Errantes</span> <span class='ocrx_word' id='word_1_36' title='bbox 326 1003 421 1080; x_wconf 90' lang='lat' dir='ltr'>oculi</span> <span class='ocrx_word' id='word_1_37' title='bbox 439 1004 597 1103; x_wconf 90' lang='lat' dir='ltr'>produnt</span> <span class='ocrx_word' id='word_1_38' title='bbox 613 1004 809 1081; x_wconf 89' lang='lat' dir='ltr'>certamina</span> <span class='ocrx_word' id='word_1_39' title='bbox 826 1005 957 1086; x_wconf 89' lang='lat' dir='ltr'>cordis.</span> 
     </span>
    </p>

    <p class='ocr_par' dir='ltr' id='par_1_7' title="bbox 131 1115 1080 1218">
     <span class='ocr_line' id='line_1_8' title="bbox 131 1115 1080 1218; baseline 0.004 -26"><span class='ocrx_word' id='word_1_40' title='bbox 131 1115 248 1195; x_wconf 88' lang='lat' dir='ltr'>Nulla</span> <span class='ocrx_word' id='word_1_41' title='bbox 264 1120 366 1218; x_wconf 88' lang='lat' dir='ltr'>quies</span> <span class='ocrx_word' id='word_1_42' title='bbox 384 1118 530 1214; x_wconf 91' lang='lat' dir='ltr'>homini,</span> <span class='ocrx_word' id='word_1_43' title='bbox 549 1147 651 1196; x_wconf 83' lang='lat' dir='ltr'>mens</span> <span class='ocrx_word' id='word_1_44' title='bbox 668 1120 767 1196; x_wconf 89' lang='lat' dir='ltr'>dirae</span> <span class='ocrx_word' id='word_1_45' title='bbox 785 1120 933 1196; x_wconf 86' lang='lat' dir='ltr'>conscia</span> <span class='ocrx_word' id='word_1_46' title='bbox 950 1119 1080 1218; x_wconf 89' lang='lat' dir='ltr'>culpae</span> 
     </span>
    </p>

    <p class='ocr_par' dir='ltr' id='par_1_8' title="bbox 134 1232 961 1332">
     <span class='ocr_line' id='line_1_9' title="bbox 134 1232 961 1332; baseline 0.002 -24"><span class='ocrx_word' id='word_1_47' title='bbox 134 1232 186 1309; x_wconf 91' lang='lat' dir='ltr'>Et</span> <span class='ocrx_word' id='word_1_48' title='bbox 200 1235 344 1311; x_wconf 89' lang='lat' dir='ltr'>mordet</span> <span class='ocrx_word' id='word_1_49' title='bbox 360 1246 483 1312; x_wconf 91' lang='lat' dir='ltr'>sontes</span> <span class='ocrx_word' id='word_1_50' title='bbox 500 1247 537 1311; x_wconf 86' lang='lat' dir='ltr'>et</span> <span class='ocrx_word' id='word_1_51' title='bbox 554 1234 644 1311; x_wconf 90' lang='lat' dir='ltr'>duro</span> <span class='ocrx_word' id='word_1_52' title='bbox 661 1237 811 1314; x_wconf 86' lang='lat' dir='ltr'>verbere</span> <span class='ocrx_word' id='word_1_53' title='bbox 829 1236 961 1332; x_wconf 86' lang='lat' dir='ltr'>caedit,</span> 
     </span>
    </p>

    <p class='ocr_par' dir='ltr' id='par_1_9' title="bbox 133 1345 1039 1449">
     <span class='ocr_line' id='line_1_10' title="bbox 133 1345 1039 1449; baseline 0.003 -25"><span class='ocrx_word' id='word_1_54' title='bbox 133 1345 185 1424; x_wconf 92' lang='lat' dir='ltr'>Et</span> <span class='ocrx_word' id='word_1_55' title='bbox 201 1351 324 1449; x_wconf 87' lang='lat' dir='ltr'>pulsat</span> <span class='ocrx_word' id='word_1_56' title='bbox 341 1351 488 1427; x_wconf 88' lang='lat' dir='ltr'><strong>Domini</strong></span> <span class='ocrx_word' id='word_1_57' title='bbox 504 1351 700 1428; x_wconf 86' lang='lat' dir='ltr'>metuenda</span> <span class='ocrx_word' id='word_1_58' title='bbox 717 1353 880 1449; x_wconf 90' lang='lat' dir='ltr'>potentia</span> <span class='ocrx_word' id='word_1_59' title='bbox 896 1352 1039 1427; x_wconf 89' lang='lat' dir='ltr'>valvasl</span> 
     </span>
    </p>

    <p class='ocr_par' dir='ltr' id='par_1_10' title="bbox 230 1465 1106 1567">
     <span class='ocr_line' id='line_1_11' title="bbox 230 1465 1106 1567; baseline 0.005 -26"><span class='ocrx_word' id='word_1_60' title='bbox 230 1465 328 1542; x_wconf 92' lang='lat' dir='ltr'>Ecce</span> <span class='ocrx_word' id='word_1_61' title='bbox 346 1467 402 1543; x_wconf 89' lang='lat' dir='ltr'>sui</span> <span class='ocrx_word' id='word_1_62' title='bbox 418 1467 444 1543; x_wconf 85' lang='lat' dir='ltr'><strong>J</strong></span> <span class='ocrx_word' id='word_1_63' title='bbox 447 1493 529 1544; x_wconf 89' lang='lat' dir='ltr'>esus</span> <span class='ocrx_word' id='word_1_64' title='bbox 546 1480 780 1543; x_wconf 86' lang='lat' dir='ltr'>monumenta</span> <span class='ocrx_word' id='word_1_65' title='bbox 795 1467 941 1567; x_wconf 89' lang='lat' dir='ltr'>reliquit</span> <span class='ocrx_word' id='word_1_66' title='bbox 958 1467 1106 1544; x_wconf 86' lang='lat' dir='ltr'>amoris:</span> 
     </span>
    </p>

    <p class='ocr_par' dir='ltr' id='par_1_11' title="bbox 132 1580 1196 1682">
     <span class='ocr_line' id='line_1_12' title="bbox 132 1580 1196 1682; baseline -0.001 -24"><span class='ocrx_word' id='word_1_67' title='bbox 132 1580 331 1678; x_wconf 77' lang='lat' dir='ltr'>Sanguinis</span> <span class='ocrx_word' id='word_1_68' title='bbox 347 1581 461 1659; x_wconf 87' lang='lat' dir='ltr'>imbre</span> <span class='ocrx_word' id='word_1_69' title='bbox 478 1609 607 1658; x_wconf 89' lang='lat' dir='ltr'>manus</span> <span class='ocrx_word' id='word_1_70' title='bbox 622 1583 777 1659; x_wconf 68' lang='lat' dir='ltr'>rubuere</span> <span class='ocrx_word' id='word_1_71' title='bbox 795 1582 962 1682; x_wconf 86' lang='lat' dir='ltr'>latusque</span> <span class='ocrx_word' id='word_1_72' title='bbox 979 1583 1196 1681; x_wconf 87' lang='lat' dir='ltr'>pedesque...</span> 
     </span>
    </p>

    <p class='ocr_par' dir='ltr' id='par_1_12' title="bbox 130 1696 1047 1796">
     <span class='ocr_line' id='line_1_13' title="bbox 130 1696 1047 1796; baseline 0.003 -25"><span class='ocrx_word' id='word_1_73' title='bbox 130 1696 302 1796; x_wconf 85' lang='lat' dir='ltr'>Quinque</span> <span class='ocrx_word' id='word_1_74' title='bbox 319 1724 422 1774; x_wconf 89' lang='lat' dir='ltr'>rosae</span> <span class='ocrx_word' id='word_1_75' title='bbox 439 1725 524 1773; x_wconf 87' lang='lat' dir='ltr'>vero</span> <span class='ocrx_word' id='word_1_76' title='bbox 544 1697 662 1796; x_wconf 88' lang='lat' dir='ltr'>(dictis</span> <span class='ocrx_word' id='word_1_77' title='bbox 680 1698 859 1774; x_wconf 84' lang='lat' dir='ltr'>advertite</span> <span class='ocrx_word' id='word_1_78' title='bbox 875 1697 1047 1796; x_wconf 80' lang='lat' dir='ltr'>mentem)</span> 
     </span>
    </p>

    <p class='ocr_par' dir='ltr' id='par_1_13' title="bbox 133 1811 1004 1912">
     <span class='ocr_line' id='line_1_14' title="bbox 133 1811 1004 1912; baseline 0.001 -24"><span class='ocrx_word' id='word_1_79' title='bbox 133 1811 292 1911; x_wconf 80' lang='lat' dir='ltr'>Saepius</span> <span class='ocrx_word' id='word_1_80' title='bbox 310 1823 482 1888; x_wconf 90' lang='lat' dir='ltr'>ornarunt</span> <span class='ocrx_word' id='word_1_81' title='bbox 497 1812 691 1890; x_wconf 90' lang='lat' dir='ltr'>multorum</span> <span class='ocrx_word' id='word_1_82' title='bbox 710 1841 871 1912; x_wconf 86' lang='lat' dir='ltr'>corpora,</span> <span class='ocrx_word' id='word_1_83' title='bbox 890 1813 1004 1890; x_wconf 88' lang='lat' dir='ltr'>nostis</span> 
     </span>
    </p>

    <p class='ocr_par' dir='ltr' id='par_1_14' title="bbox 131 1927 1023 2025">
     <span class='ocr_line' id='line_1_15' title="bbox 131 1927 1023 2025; baseline -0.001 -21"><span class='ocrx_word' id='word_1_84' title='bbox 131 1927 321 2025; x_wconf 78' lang='lat' dir='ltr'>Stigmata</span> <span class='ocrx_word' id='word_1_85' title='bbox 339 1929 533 2024; x_wconf 84' lang='lat' dir='ltr'>Francisci,</span> <span class='ocrx_word' id='word_1_86' title='bbox 554 1929 680 2005; x_wconf 88' lang='lat' dir='ltr'>crebro</span> <span class='ocrx_word' id='word_1_87' title='bbox 697 1928 903 2005; x_wconf 88' lang='lat' dir='ltr'>labentibus</span> <span class='ocrx_word' id='word_1_88' title='bbox 920 1928 1023 2006; x_wconf 86' lang='lat' dir='ltr'>annis</span> 
     </span>
    </p>

    <p class='ocr_par' dir='ltr' id='par_1_15' title="bbox 130 2042 1121 2142">
     <span class='ocr_line' id='line_1_16' title="bbox 130 2042 1121 2142; baseline 0.002 -25"><span class='ocrx_word' id='word_1_89' title='bbox 130 2042 217 2118; x_wconf 86' lang='lat' dir='ltr'>Hae</span> <span class='ocrx_word' id='word_1_90' title='bbox 234 2042 371 2119; x_wconf 64' lang='lat' dir='ltr'>redicre</span> <span class='ocrx_word' id='word_1_91' title='bbox 388 2071 499 2138; x_wconf 90' lang='lat' dir='ltr'>rosae,</span> <span class='ocrx_word' id='word_1_92' title='bbox 519 2044 678 2121; x_wconf 88' lang='lat' dir='ltr'>celebres</span> <span class='ocrx_word' id='word_1_93' title='bbox 696 2044 847 2142; x_wconf 89' lang='lat' dir='ltr'>Aloysia</span> <span class='ocrx_word' id='word_1_94' title='bbox 864 2046 910 2141; x_wconf 68' lang='lat'>*),</span> <span class='ocrx_word' id='word_1_95' title='bbox 929 2043 1057 2120; x_wconf 90' lang='lat' dir='ltr'>Palma</span> <span class='ocrx_word' id='word_1_96' title='bbox 1072 2085 1121 2098; x_wconf 97' lang='lat'>-</span> 
     </span>
    </p>

    <p class='ocr_par' dir='ltr' id='par_1_16' title="bbox 132 2157 992 2258">
     <span class='ocr_line' id='line_1_17' title="bbox 132 2157 992 2258; baseline 0.003 -26"><span class='ocrx_word' id='word_1_97' title='bbox 132 2157 204 2234; x_wconf 89' lang='lat' dir='ltr'>Illa</span> <span class='ocrx_word' id='word_1_98' title='bbox 221 2158 328 2235; x_wconf 88' lang='lat' dir='ltr'>datur</span> <span class='ocrx_word' id='word_1_99' title='bbox 346 2159 480 2258; x_wconf 85' lang='lat' dir='ltr'>Belgis,</span> <span class='ocrx_word' id='word_1_100' title='bbox 501 2159 593 2236; x_wconf 88' lang='lat' dir='ltr'>haec</span> <span class='ocrx_word' id='word_1_101' title='bbox 612 2170 669 2235; x_wconf 80' lang='lat' dir='ltr'>ert</span> <span class='ocrx_word' id='word_1_102' title='bbox 686 2160 807 2235; x_wconf 90' lang='lat' dir='ltr'>vicina</span> <span class='ocrx_word' id='word_1_103' title='bbox 824 2159 992 2253; x_wconf 79' lang='lat' dir='ltr'>Taranta,</span> 
     </span>
    </p>

    <p class='ocr_par' dir='ltr' id='par_1_17' title="bbox 131 2269 912 2350">
     <span class='ocr_line' id='line_1_18' title="bbox 131 2269 912 2350; baseline 0.001 -2"><span class='ocrx_word' id='word_1_104' title='bbox 131 2269 337 2350; x_wconf 81' lang='lat' dir='ltr'>Nobiscum</span> <span class='ocrx_word' id='word_1_105' title='bbox 355 2275 484 2350; x_wconf 90' lang='lat' dir='ltr'>vivunt</span> <span class='ocrx_word' id='word_1_106' title='bbox 501 2274 558 2350; x_wconf 92' lang='lat' dir='ltr'>his</span> <span class='ocrx_word' id='word_1_107' title='bbox 575 2274 781 2350; x_wconf 86' lang='lat' dir='ltr'>infelicibus</span> <span class='ocrx_word' id='word_1_108' title='bbox 798 2275 912 2350; x_wconf 88' lang='lat' dir='ltr'>annis.</span> 
     </span>
    </p>

    <p class='ocr_par' dir='ltr' id='par_1_18' title="bbox 130 2387 1108 2488">
     <span class='ocr_line' id='line_1_19' title="bbox 130 2387 1108 2488; baseline 0.004 -24"><span class='ocrx_word' id='word_1_109' title='bbox 130 2387 203 2464; x_wconf 87' lang='lat' dir='ltr'>Illa</span> <span class='ocrx_word' id='word_1_110' title='bbox 220 2402 371 2488; x_wconf 87' lang='lat' dir='ltr'>parente</span> <span class='ocrx_word' id='word_1_111' title='bbox 387 2389 499 2484; x_wconf 88' lang='lat' dir='ltr'>fabro,</span> <span class='ocrx_word' id='word_1_112' title='bbox 520 2418 626 2488; x_wconf 85' lang='lat' dir='ltr'>quem</span> <span class='ocrx_word' id='word_1_113' title='bbox 644 2417 740 2466; x_wconf 89' lang='lat' dir='ltr'>mors</span> <span class='ocrx_word' id='word_1_114' title='bbox 758 2389 852 2485; x_wconf 88' lang='lat' dir='ltr'>tulit,</span> <span class='ocrx_word' id='word_1_115' title='bbox 872 2402 951 2466; x_wconf 90' lang='grc'><strong>0110</strong></span> <span class='ocrx_word' id='word_1_116' title='bbox 969 2417 1108 2468; x_wconf 88' lang='lat' dir='ltr'>sorores</span> 
     </span>
    </p>

    <p class='ocr_par' dir='ltr' id='par_1_19' title="bbox 129 2503 1060 2720">
     <span class='ocr_line' id='line_1_20' title="bbox 130 2503 1055 2606; baseline 0.004 -28"><span class='ocrx_word' id='word_1_117' title='bbox 130 2503 257 2580; x_wconf 87' lang='lat' dir='ltr'>Prima</span> <span class='ocrx_word' id='word_1_118' title='bbox 274 2517 393 2582; x_wconf 89' lang='grc'><strong>001010</strong></span> <span class='ocrx_word' id='word_1_119' title='bbox 410 2506 530 2582; x_wconf 90' lang='lat' dir='ltr'>virens</span> <span class='ocrx_word' id='word_1_120' title='bbox 547 2506 649 2582; x_wconf 89' lang='lat' dir='ltr'>binas</span> <span class='ocrx_word' id='word_1_121' title='bbox 666 2506 786 2601; x_wconf 88' lang='lat' dir='ltr'>habet,</span> <span class='ocrx_word' id='word_1_122' title='bbox 807 2518 917 2606; x_wconf 88' lang='lat' dir='ltr'>atque</span> <span class='ocrx_word' id='word_1_123' title='bbox 935 2506 1055 2582; x_wconf 89' lang='lat' dir='ltr'>labore</span> 
     </span>
     <span class='ocr_line' id='line_1_21' title="bbox 129 2619 1060 2720; baseline 0.001 -25"><span class='ocrx_word' id='word_1_124' title='bbox 129 2619 252 2695; x_wconf 87' lang='lat' dir='ltr'>Lucra</span> <span class='ocrx_word' id='word_1_125' title='bbox 267 2633 374 2719; x_wconf 87' lang='lat' dir='ltr'>parat</span> <span class='ocrx_word' id='word_1_126' title='bbox 390 2623 506 2716; x_wconf 84' lang='lat' dir='ltr'>matri,</span> <span class='ocrx_word' id='word_1_127' title='bbox 527 2622 585 2698; x_wconf 92' lang='lat' dir='ltr'>cui</span> <span class='ocrx_word' id='word_1_128' title='bbox 604 2649 746 2720; x_wconf 87' lang='lat' dir='ltr'>semper</span> <span class='ocrx_word' id='word_1_129' title='bbox 763 2633 868 2699; x_wconf 90' lang='lat' dir='ltr'>curta</span> <span class='ocrx_word' id='word_1_130' title='bbox 887 2622 1060 2720; x_wconf 85' lang='lat' dir='ltr'>supellex,</span> 
     </span>
    </p>

    <p class='ocr_par' dir='ltr' id='par_1_20' title="bbox 79 2725 1069 2838">
     <span class='ocr_line' id='line_1_22' title="bbox 79 2725 1069 2838; baseline 0 -26"><span class='ocrx_word' id='word_1_131' title='bbox 79 2725 82 2730; x_wconf 35' lang='lat'>¹</span> <span class='ocrx_word' id='word_1_132' title='bbox 129 2735 231 2812; x_wconf 83' lang='lat' dir='ltr'>Cara</span> <span class='ocrx_word' id='word_1_133' title='bbox 247 2735 326 2812; x_wconf 89' lang='lat' dir='ltr'>Deo</span> <span class='ocrx_word' id='word_1_134' title='bbox 344 2737 540 2838; x_wconf 88' lang='lat' dir='ltr'>populique</span> <span class='ocrx_word' id='word_1_135' title='bbox 558 2737 680 2831; x_wconf 90' lang='lat' dir='ltr'>decus,</span> <span class='ocrx_word' id='word_1_136' title='bbox 700 2738 937 2814; x_wconf 89' lang='lat' dir='ltr'>celeberrima</span> <span class='ocrx_word' id='word_1_137' title='bbox 954 2738 1069 2836; x_wconf 87' lang='lat' dir='ltr'>virgo.</span> 
     </span>
    </p>

    <p class='ocr_par' dir='ltr' id='par_1_21' title="bbox 131 2849 961 2951">
     <span class='ocr_line' id='line_1_23' title="bbox 131 2849 961 2951; baseline 0.001 -25"><span class='ocrx_word' id='word_1_138' title='bbox 131 2849 254 2926; x_wconf 90' lang='lat' dir='ltr'>Undis</span> <span class='ocrx_word' id='word_1_139' title='bbox 269 2879 388 2928; x_wconf 90' lang='lat' dir='ltr'>mersa</span> <span class='ocrx_word' id='word_1_140' title='bbox 405 2853 488 2928; x_wconf 88' lang='lat' dir='ltr'>citis</span> <span class='ocrx_word' id='word_1_141' title='bbox 501 2854 579 2951; x_wconf 89' lang='lat' dir='ltr'>jam</span> <span class='ocrx_word' id='word_1_142' title='bbox 597 2853 803 2929; x_wconf 86' lang='lat' dir='ltr'>suffocando</span> <span class='ocrx_word' id='word_1_143' title='bbox 820 2853 961 2929; x_wconf 91' lang='lat' dir='ltr'>biennis</span> 
     </span>
    </p>

    <p class='ocr_par' dir='ltr' id='par_1_22' title="bbox 123 2965 1046 3065">
     <span class='ocr_line' id='line_1_24' title="bbox 123 2965 1046 3065; baseline 0.002 -25"><span class='ocrx_word' id='word_1_144' title='bbox 123 2965 349 3043; x_wconf 83' lang='lat' dir='ltr'>&#39;Extrahitur</span> <span class='ocrx_word' id='word_1_145' title='bbox 367 2967 554 3065; x_wconf 75' lang='lat' dir='ltr'>semiviro,</span> <span class='ocrx_word' id='word_1_146' title='bbox 573 2968 700 3044; x_wconf 91' lang='lat' dir='ltr'>lubens</span> <span class='ocrx_word' id='word_1_147' title='bbox 718 2968 847 3044; x_wconf 89' lang='lat' dir='ltr'>ancilla</span> <span class='ocrx_word' id='word_1_148' title='bbox 864 2968 1046 3044; x_wconf 89' lang='lat' dir='ltr'>ministrat</span> 
     </span>
    </p>

    <p class='ocr_par' dir='ltr' id='par_1_23' title="bbox 131 3081 1004 3182">
     <span class='ocr_line' id='line_1_25' title="bbox 131 3081 1004 3182; baseline 0.002 -26"><span class='ocrx_word' id='word_1_149' title='bbox 131 3081 256 3158; x_wconf 88' lang='lat' dir='ltr'>Nocte</span> <span class='ocrx_word' id='word_1_150' title='bbox 275 3081 403 3182; x_wconf 91' lang='lat' dir='ltr'>dieque</span> <span class='ocrx_word' id='word_1_151' title='bbox 419 3083 540 3180; x_wconf 84' lang='lat' dir='ltr'>aegris</span> <span class='ocrx_word' id='word_1_152' title='bbox 556 3083 701 3159; x_wconf 92' lang='lat' dir='ltr'>Domini</span> <span class='ocrx_word' id='word_1_153' title='bbox 720 3084 854 3158; x_wconf 87' lang='lat' dir='ltr'>virtute</span> <span class='ocrx_word' id='word_1_154' title='bbox 872 3082 1004 3181; x_wconf 85' lang='lat' dir='ltr'>puella,</span> 
     </span>
    </p>

    <p class='ocr_par' dir='ltr' id='par_1_24' title="bbox 131 3197 1009 3291">
     <span class='ocr_line' id='line_1_26' title="bbox 131 3197 1009 3291; baseline 0.002 -21"><span class='ocrx_word' id='word_1_155' title='bbox 131 3197 254 3272; x_wconf 88' lang='lat' dir='ltr'>Laesa</span> <span class='ocrx_word' id='word_1_156' title='bbox 270 3197 389 3274; x_wconf 84' lang='lat' dir='ltr'>furore</span> <span class='ocrx_word' id='word_1_157' title='bbox 406 3199 509 3273; x_wconf 90' lang='lat' dir='ltr'>bovis</span> <span class='ocrx_word' id='word_1_158' title='bbox 526 3199 651 3274; x_wconf 90' lang='lat' dir='ltr'>morbo</span> <span class='ocrx_word' id='word_1_159' title='bbox 669 3197 855 3274; x_wconf 83' lang='lat' dir='ltr'>decumbit</span> <span class='ocrx_word' id='word_1_160' title='bbox 873 3198 1009 3291; x_wconf 87' lang='lat' dir='ltr'>acerbo,</span> 
     </span>
    </p>

    <p class='ocr_par' dir='ltr' id='par_1_25' title="bbox 132 3312 1145 3412">
     <span class='ocr_line' id='line_1_27' title="bbox 132 3312 1145 3412; baseline 0.001 -25"><span class='ocrx_word' id='word_1_161' title='bbox 132 3313 215 3387; x_wconf 87' lang='lat' dir='ltr'>Nec</span> <span class='ocrx_word' id='word_1_162' title='bbox 235 3312 352 3389; x_wconf 91' lang='lat' dir='ltr'>fundit</span> <span class='ocrx_word' id='word_1_163' title='bbox 369 3314 559 3412; x_wconf 81' lang='lat' dir='ltr'>lacrymas,</span> <span class='ocrx_word' id='word_1_164' title='bbox 579 3342 646 3390; x_wconf 89' lang='lat' dir='ltr'>nec</span> <span class='ocrx_word' id='word_1_165' title='bbox 665 3315 801 3412; x_wconf 88' lang='lat' dir='ltr'>rumpit</span> <span class='ocrx_word' id='word_1_166' title='bbox 817 3325 965 3412; x_wconf 85' lang='lat' dir='ltr'>pectore</span> <span class='ocrx_word' id='word_1_167' title='bbox 983 3324 1145 3412; x_wconf 86' lang='lat' dir='ltr'>questus,</span> 
     </span>
    </p>

    <p class='ocr_par' dir='ltr' id='par_1_26' title="bbox 134 3427 947 3526">
     <span class='ocr_line' id='line_1_28' title="bbox 134 3427 947 3526; baseline 0.001 -23"><span class='ocrx_word' id='word_1_168' title='bbox 134 3427 203 3503; x_wconf 90' lang='lat' dir='ltr'>Uti</span> <span class='ocrx_word' id='word_1_169' title='bbox 220 3428 327 3503; x_wconf 90' lang='lat' dir='ltr'>discit</span> <span class='ocrx_word' id='word_1_170' title='bbox 344 3455 412 3504; x_wconf 88' lang='lat' dir='ltr'>acu</span> <span class='ocrx_word' id='word_1_171' title='bbox 431 3457 543 3526; x_wconf 89' lang='lat' dir='ltr'>parvo</span> <span class='ocrx_word' id='word_1_172' title='bbox 561 3439 731 3506; x_wconf 88' lang='lat' dir='ltr'>contenta</span> <span class='ocrx_word' id='word_1_173' title='bbox 749 3429 875 3505; x_wconf 87' lang='lat' dir='ltr'>salino.</span> <span class='ocrx_word' id='word_1_174' title='bbox 945 3473 947 3478; x_wconf 96' lang='lat'>·</span> 
     </span>
    </p>

    <p class='ocr_par' dir='ltr' id='par_1_27' title="bbox 132 3543 978 3643">
     <span class='ocr_line' id='line_1_29' title="bbox 132 3543 978 3643; baseline 0.001 -26"><span class='ocrx_word' id='word_1_175' title='bbox 132 3543 214 3618; x_wconf 88' lang='lat' dir='ltr'>Iam</span> <span class='ocrx_word' id='word_1_176' title='bbox 232 3544 354 3619; x_wconf 88' lang='lat' dir='ltr'>natale</span> <span class='ocrx_word' id='word_1_177' title='bbox 373 3543 487 3619; x_wconf 91' lang='lat' dir='ltr'>solum</span> <span class='ocrx_word' id='word_1_178' title='bbox 505 3545 657 3620; x_wconf 88' lang='lat' dir='ltr'>medicis</span> <span class='ocrx_word' id='word_1_179' title='bbox 674 3546 799 3642; x_wconf 87' lang='lat' dir='ltr'>ignota</span> <span class='ocrx_word' id='word_1_180' title='bbox 817 3554 978 3643; x_wconf 89' lang='lat' dir='ltr'>pererrat</span> 
     </span>
    </p>

    <p class='ocr_par' dir='ltr' id='par_1_28' title="bbox 129 3657 1076 3758">
     <span class='ocr_line' id='line_1_30' title="bbox 129 3657 1076 3758; baseline 0.001 -26"><span class='ocrx_word' id='word_1_181' title='bbox 129 3657 224 3734; x_wconf 89' lang='lat' dir='ltr'>Dira</span> <span class='ocrx_word' id='word_1_182' title='bbox 241 3659 328 3754; x_wconf 88' lang='lat' dir='ltr'>lues,</span> <span class='ocrx_word' id='word_1_183' title='bbox 348 3659 493 3758; x_wconf 83' lang='lat' dir='ltr'>fugiunt</span> <span class='ocrx_word' id='word_1_184' title='bbox 509 3660 625 3754; x_wconf 88' lang='lat' dir='ltr'>multi,</span> <span class='ocrx_word' id='word_1_185' title='bbox 645 3661 753 3737; x_wconf 89' lang='lat' dir='ltr'>timor</span> <span class='ocrx_word' id='word_1_186' title='bbox 770 3670 923 3757; x_wconf 86' lang='lat' dir='ltr'>occupat</span> <span class='ocrx_word' id='word_1_187' title='bbox 943 3685 1076 3751; x_wconf 84' lang='lat' dir='ltr'>omnes,</span> 
     </span>
    </p>

    <p class='ocr_par' dir='ltr' id='par_1_29' title="bbox 131 3775 1119 3874">
     <span class='ocr_line' id='line_1_31' title="bbox 131 3775 1119 3874; baseline 0.002 -26"><span class='ocrx_word' id='word_1_188' title='bbox 131 3775 284 3850; x_wconf 87' lang='lat' dir='ltr'>Lustrat</span> <span class='ocrx_word' id='word_1_189' title='bbox 302 3775 403 3874; x_wconf 86' lang='lat' dir='ltr'>virgo</span> <span class='ocrx_word' id='word_1_190' title='bbox 421 3775 555 3870; x_wconf 88' lang='lat' dir='ltr'>domos,</span> <span class='ocrx_word' id='word_1_191' title='bbox 576 3776 676 3852; x_wconf 88' lang='lat' dir='ltr'>fovet</span> <span class='ocrx_word' id='word_1_192' title='bbox 693 3803 831 3874; x_wconf 81' lang='lat' dir='ltr'>aegros,</span> <span class='ocrx_word' id='word_1_193' title='bbox 851 3775 1003 3873; x_wconf 88' lang='lat' dir='ltr'>prodiga</span> <span class='ocrx_word' id='word_1_194' title='bbox 1021 3775 1119 3850; x_wconf 81' lang='lat' dir='ltr'>vitae</span> 
     </span>
    </p>

    <p class='ocr_par' dir='ltr' id='par_1_30' title="bbox 131 3890 1219 3990">
     <span class='ocr_line' id='line_1_32' title="bbox 131 3890 1219 3990; baseline 0.003 -25"><span class='ocrx_word' id='word_1_195' title='bbox 131 3890 298 3987; x_wconf 83' lang='lat' dir='ltr'>Corpora</span> <span class='ocrx_word' id='word_1_196' title='bbox 316 3891 545 3986; x_wconf 82' lang='grc'><strong>(1011111111110,</strong></span> <span class='ocrx_word' id='word_1_197' title='bbox 565 3893 760 3968; x_wconf 87' lang='lat' dir='ltr'>metuenda</span> <span class='ocrx_word' id='word_1_198' title='bbox 778 3891 941 3990; x_wconf 88' lang='lat' dir='ltr'>pericula</span> <span class='ocrx_word' id='word_1_199' title='bbox 957 3891 1098 3967; x_wconf 87' lang='lat' dir='ltr'>temnit.</span> <span class='ocrx_word' id='word_1_200' title='bbox 1216 3974 1219 3983; x_wconf 57' lang='grc'><strong>,</strong></span> 
     </span>
    </p>
   </div>
   <div class='ocr_carea' id='block_1_4' title="bbox 132 4149 454 4163">
    <p class='ocr_par' dir='ltr' id='par_1_31' title="bbox 132 4149 454 4163">
     <span class='ocr_line' id='line_1_33' title="bbox 132 4149 454 4163; baseline 0 -3"><span class='ocrx_word' id='word_1_201' title='bbox 132 4149 454 4163; x_wconf 54' lang='grc' dir='ltr'>..ιι-,Ἣ</span> 
     </span>
    </p>
   </div>
   <div class='ocr_carea' id='block_1_5' title="bbox 243 4273 406 4345">
    <p class='ocr_par' dir='ltr' id='par_1_32' title="bbox 243 4273 406 4345">
     <span class='ocr_line' id='line_1_34' title="bbox 243 4273 406 4345; baseline 0.006 -18"><span class='ocrx_word' id='word_1_202' title='bbox 243 4273 272 4345; x_wconf 72' lang='lat'>⁴)</span> <span class='ocrx_word' id='word_1_203' title='bbox 293 4273 406 4330; x_wconf 86' lang='lat' dir='ltr'>Lateau.</span> 
     </span>
    </p>
   </div>
   <div class='ocr_carea' id='block_1_6' title="bbox 0 0 1470 4734">
    <p class='ocr_par' dir='ltr' id='par_1_33' title="bbox 0 0 1470 4734">
     <span class='ocr_line' id='line_1_35' title="bbox 0 0 1470 4734; baseline 0 0"><span class='ocrx_word' id='word_1_204' title='bbox 0 0 1470 4734; x_wconf 95' lang='lat' dir='ltr'> </span> 
     </span>
    </p>
   </div>
  </div>
 </body>
</html>
