3030 4734
567 217 685 272 arnan
714 217 881 287 Qururus

299 401 469 480 Detrudit
487 405 576 480 solio
593 417 688 480 terra
705 405 823 480 Deum
843 433 942 480 suo...

301 519 401 610 Quae
420 520 467 594 sit
484 532 581 594 meta
598 520 726 594 malis?
744 520 898 612 Barbite,
919 521 1097 594 contice...

299 635 470 709 Fundant
489 663 550 709 ora
567 662 705 733 preces,
725 647 848 710 castus
867 659 966 709 amor
982 635 1076 728 fleat,

395 735 542 826 Ridebit
557 750 682 826 melior
698 749 790 826 diesl

593 1056 695 1133 ODE
722 1057 846 1132 XXII.

625 1235 816 1312 VIRTUS.

419 1416 500 1470 Beati
518 1418 685 1471 imbraculati
701 1419 730 1470 ia
748 1417 800 1472 via.
822 1417 878 1487 (Ps.
900 1417 959 1484 118,
980 1417 1019 1486 1).

323 1567 407 1642 Non
425 1580 546 1644 vestes
564 1568 704 1665 Tyriae,
725 1595 796 1643 non
814 1568 1067 1666 superadditae
1107 1639 1113 1652 ,

419 1684 556 1760 Mensis
574 1684 722 1759 deliciae
740 1683 883 1780 dapum,

322 1801 358 1873 N
361 1827 406 1874 on
424 1800 547 1898 largae
565 1812 717 1898 segetes,
736 1827 809 1875 non
827 1800 1010 1898 laquearia

418 1917 509 1990 Auri
528 1917 685 2014 pondere
703 1916 856 2012 turgida,
919 1947 920 1956 ¹

321 2032 358 2105 N
360 2059 405 2105 011
423 2034 538 2131 Ajace
556 2060 686 2131 parens
705 2044 805 2108 ortus
823 2033 868 2108 ab
886 2031 1031 2129 inclyte,

385 2179 389 2188 ·
418 2148 502 2222 Non
519 2148 636 2224 laetus
649 2147 778 2247 populi
795 2148 908 2243 favor,

308 2263 405 2338 'Non
423 2264 541 2361 ipsum
561 2263 689 2339 solium
706 2264 802 2361 regis
821 2264 1016 2338 eburneum

418 2380 552 2454 Pacem
571 2379 762 2455 conciliant
780 2379 857 2453 tibi.

322 2495 391 2587 Qui
409 2522 493 2570 vero
510 2494 700 2570 illecebras
717 2495 878 2570 temserit
896 2495 1055 2570 omnium

418 2611 526 2687 Omni
544 2622 706 2709 tempore
724 2612 921 2704 criminum,

320 2727 429 2803 Hunc
448 2729 565 2826 egisse
584 2728 701 2803 virum
719 2727 833 2802 lustra
851 2727 986 2821 suavia,

417 2843 540 2918 Verax
558 2844 682 2941 lingua
699 2844 881 2918 fatebitur.

319 2957 457 3033 Insonti
476 2959 562 3062 quid
580 2959 674 3034 enim
693 2957 834 3033 dulcius
851 2957 992 3032 indole?

417 3075 511 3167 Quid
530 3074 663 3149 virtute
681 3073 846 3149 beatius?

318 3190 381 3283 Te,
401 3191 526 3284 virtus,
545 3190 690 3288 fugiunt
708 3190 855 3287 agmina
872 3191 1027 3289 pallidae

317 3421 381 3519 Te,
400 3423 460 3521 qui
478 3420 603 3496 fraude
622 3421 737 3496 solent
755 3421 857 3496 lucra
874 3407 1096 3519 gementium

413 3537 617 3611 Exhaurire
635 3536 827 3628 vaferrimi,

315 3655 393 3728 Aut
409 3679 577 3728 mucrone
596 3651 663 3727 sibi
682 3652 988 3750 praetereuntium

411 3767 565 3866 Amplas
583 3767 780 3864 surripiunt
797 3793 897 3863 opes3

314 3883 376 3978 Te,
397 3884 457 3982 qui
475 3910 540 3980 per
556 3881 685 3957 tumidi
702 3881 850 3955 flumina
868 3880 1053 3978 sanguinis

273 4089 278 4096 ι
411 3998 462 4073 Et
479 4015 543 4096 per
561 4007 673 4073 strata
691 3997 870 4073 cadavera
966 4069 968 4072 .

312 4113 419 4190 Vecti
438 4125 533 4189 serta
551 4114 618 4189 sibi
635 4113 759 4188 laurea
776 4113 973 4204 vindicant,

410 4229 647 4305 Detestantur
665 4229 856 4304 amabilem
