2988 4730
563 185 683 241 LIBER
711 183 913 240 SECUNDUS

597 706 701 783 ODE
728 706 873 780 XXIII.

633 981 839 1057 COELUM.

370 1259 481 1328 Semper
498 1276 558 1312 cum
576 1260 691 1314 Domino
710 1262 817 1312 erimus.
834 1258 862 1328 (1
881 1257 976 1313 These.
996 1260 1022 1327 4,
1042 1259 1097 1329 16).

308 1524 385 1601 Ure
402 1553 460 1600 me
478 1526 601 1619 sacris,
623 1525 732 1600 Pater
749 1524 854 1622 alme,
873 1525 1036 1620 flammis,

308 1641 386 1716 Ure
402 1668 461 1716 me
480 1668 658 1739 semper...
677 1641 746 1716 nisi
765 1667 885 1716 amore
903 1641 1027 1734 ducar,

307 1756 403 1831 Filio
420 1783 604 1854 nunquam
623 1756 741 1855 patria
759 1757 868 1855 potiri

679 1909 680 1916 ¹
702 1872 796 1948 Sede
815 1872 950 1948 licebit.

308 2105 409 2182 Ecce
425 2105 477 2179 nil
495 2133 628 2203 quaero
645 2105 715 2181 nisi
732 2132 816 2180 rura
833 2105 926 2180 coeli

308 2221 485 2296 Omnibus
502 2221 603 2318 gazis
620 2221 842 2319 pretiosiora,

308 2337 449 2413 Cuncta
467 2336 647 2431 labuntur,
667 2349 792 2412 manet
808 2364 881 2412 uua
899 2363 1042 2436 semper

698 2453 864 2528 Candida
881 2452 1007 2528 virtus.

308 2684 380 2760 Sed
398 2685 459 2761 via
476 2697 531 2761 est
549 2711 734 2784 praeceps,
755 2697 944 2784 penetrare
963 2713 1074 2784 cogor

304 2800 479 2876 Hostium
497 2812 644 2896 turmas,
666 2801 815 2898 rapidus
832 2801 1020 2877 lucernam

305 2915 491 2992 Turbone
510 2917 728 3014 exstinguat,
750 2918 953 3016 sterilisque
972 2931 1098 3016 parcat

698 3033 834 3107 Bruma
851 3033 973 3108 calori.
992 3117 994 3122 ,

306 3265 346 3343 Si
364 3267 498 3366 pedum
517 3267 611 3341 vires
628 3266 861 3342 minuantur?
879 3268 953 3343 altat

305 3381 411 3480 Rupe
430 3382 633 3458 delabar‘t..
652 3382 791 3481 periere
809 3383 951 3459 multi...

305 3497 459 3590 Quando
478 3523 721 3596 supremum...
737 3499 799 3574 sed
815 3526 861 3574 au
878 3499 957 3598 ipse
976 3501 1157 3599 quondam

696 3615 823 3712 Tango
842 3619 1040 3692 cacumen?

304 3845 390 3920 Heu
407 3846 540 3922 timeus
558 3874 672 3945 spero,
693 3847 875 3948 timeoque
894 3876 1077 3948 sperans...

303 3960 360 4036 Ite
379 3961 534 4058 veloces,
553 3989 692 4060 precor,
712 3963 762 4038 ite
779 3991 931 4058 menses,

266 4086 268 4094 ’
302 4076 366 4152 Me
384 4086 485 4153 tenet
501 4078 652 4171 coelum,
672 4078 776 4154 lateri
795 4079 911 4154 fidelis

694 4195 858 4292 Angelus
876 4196 1008 4271 adstat.
