2972 4738
213 225 268 281 298
691 229 906 286 CARMINUM

242 439 245 448 ’
314 417 409 516 (Tb.)
437 418 614 493 Uberiora
632 417 724 492 dabo
741 460 790 470 -
807 416 893 491 dum
912 417 1061 516 spiritus
1078 417 1145 492 hos
1162 419 1258 516 regit
1273 432 1379 514 artus,

216 534 371 614 Labitur
387 561 431 610 en
449 545 604 632 tempus,
625 559 863 630 supremaque
882 532 1018 608 funeris
1035 533 1124 608 hora

208 650 402 754 'Temporis
419 660 474 724 est
491 649 583 740 finis,
602 676 669 724 nec
689 660 834 746 tempus
853 648 979 723 limina
996 649 1126 724 transit

212 765 374 840 Alterius
391 766 500 840 vitae.
521 765 614 840 Sunt
630 775 752 839 nostro
770 764 871 840 lucra
889 763 1013 857 labori,

212 880 281 955 Est
298 908 438 956 merces
455 880 583 955 merito
601 879 793 984 tribuenda
809 923 859 934 -
875 906 941 954 nec
960 879 1035 953 ulla
1053 891 1236 954 merentur

212 996 417 1074 Tristantes
436 997 577 1072 animae
596 996 663 1070 sibi
681 995 841 1093 praemia
859 994 977 1072 dulcis
995 996 1136 1070 amoris.
1273 991 1277 1000 ’

308 1112 403 1187 Heic
424 1112 491 1186 sibi
509 1112 590 1186 fusa
608 1124 714 1210 parat
730 1111 919 1186 rutilantes
937 1111 1100 1209 lacryma
1118 1138 1298 1209 gemmas:

211 1226 324 1302 Nulla
342 1227 449 1302 datur
467 1227 556 1303 fusis
574 1227 743 1324 lacrymis
760 1227 810 1301 ibi
829 1226 951 1301 lucida
969 1255 1124 1324 gemma.

308 1343 401 1419 Heic
420 1344 555 1422 leviore
571 1369 721 1440 gravem
739 1368 893 1440 poenam
911 1353 1060 1418 tenuare
1078 1342 1212 1434 labore,

211 1455 356 1554 (Crede)
376 1458 494 1562 leuem
519 1459 685 1557 graviore
705 1459 811 1532 datur
828 1459 1014 1555 quatiente
1031 1458 1216 1556 flagellum

209 1573 379 1662 Numine.

307 1690 392 1766 Non
410 1702 562 1789 possunt
580 1691 722 1774 animae
740 1691 812 1765 sta·
825 1690 927 1766 lucra
945 1717 1082 1789 parare,

208 1807 414 1882 Aerumnas
432 1807 602 1905 precibus
619 1807 780 1882 relevare
798 1835 897 1882 suos:
917 1817 1019 1904 patet
1039 1818 1169 1899 autem,

209 1921 317 1998 Hanc
336 1923 498 1998 homines
516 1923 682 2020 precibus
700 1934 834 2010 metam
852 1923 1062 2020 contin'gere
1080 1950 1197 2021 posse.

306 2039 468 2115 Tandem
486 2039 588 2138 larga
605 2067 739 2138 penum
752 2041 867 2140 judex
885 2038 1053 2128 Ecclesia
1069 2040 1204 2139 promit

209 2153 411 2231 Poenarum
429 2157 572 2231 veniam
590 2157 766 2254 tribuens3
785 2156 1029 2232 nanciscimur
1045 2156 1135 2256 ipsi:

207 2268 318 2368 Ipsm
335 2272 475 2347 animae
492 2285 676 2371 nequeunt
692 2274 865 2348 nancisci!

307 2385 419 2484 (Chl.)
438 2388 554 2464 Dulce
572 2390 706 2486 doceri3

207 2497 334 2575 Effluit
352 2529 411 2577 ore
430 2515 492 2578 tuo
511 2506 642 2580 saliens
660 2533 725 2603 per
742 2506 906 2603 gramina
923 2506 1031 2596 rivus,

205 2616 406 2693 Ardentem
434 2619 532 2694 levat
550 2622 646 2696 unda
664 2623 771 2697 sitim.
792 2623 852 2696 Me
871 2622 1043 2719 temporis
1061 2619 1168 2717 hujus

147 2793 149 2800 ,
208 2731 426 2832 Sollicitudo
444 2747 553 2830 tenet,
573 2747 782 2835 terrentque
799 2737 963 2834 pericula
980 2737 1087 2829 vitae,

206 2849 348 2925 Pallida
365 2878 461 2926 mors
478 2863 598 2950 terret,
617 2854 801 2928 metuendi
818 2854 972 2942 carceris
990 2853 1093 2951 ignes

205 2963 327 3040 Oorde
344 2967 479 3064 voluta,
498 2979 784 3064 dementatus,
805 2994 877 3044 vox
895 2969 1061 3044 faucibus
1078 2967 1224 3043 haeret..

303 3083 379 3180 (L.)
398 3084 608 3162 Leucothoe
625 3086 734 3160 timeo
752 3086 896 3162 venturi
908 3085 1046 3183 judicis
1063 3085 1164 3181 iram,

203 3195 388 3273 Consenui
407 3199 552 3295 dudum,
572 3227 668 3276 mors
686 3201 849 3298 imminet
867 3213 946 3276 atra
964 3202 1128 3300 foresque

206 3311 381 3389 Pulsabit.
567 3343 569 3350 ’
1030 3353 1061 3390 .·

302 3430 402 3518 (Th.)
421 3431 544 3507 Nolite
562 3459 693 3530 graves
711 3433 747 3506 in
766 3443 913 3531 pectore
931 3460 1034 3508 curas

204 3544 369 3640 Versae,
390 3546 426 3619 in
444 3548 553 3624 coelis
572 3549 681 3623 Pater
700 3559 766 3642 est,
786 3549 847 3646 qui
864 3548 1136 3647 diligit-omnes.

204 3660 274 3736 Est
292 3663 497 3758 quaerenda
514 3663 621 3758 salus,
641 3665 781 3742 meritis
798 3665 969 3740 confidite
989 3665 1139 3761 Ohristi3

205 3773 300 3873 Spes
318 3779 488 3884 socianda
505 3807 638 3876 comes,¹
666 3781 871 3878 orituraque
889 3780 1029 3879 fulgida
1046 3779 1120 3856 sole

157 3897 160 3902 ’
204 3892 314 3970 Alma
332 3894 408 3970 dies
426 3897 564 3972 animas
582 3897 713 3973 educet
730 3883 872 3974 carcere
890 3897 1033 3990 multas,

201 4009 254 4084 Et
270 4012 405 4088 multas
423 4012 549 4088 eadem
566 4013 744 4089 relevabit
761 4057 810 4068 —
827 4040 986 4107 oremus,
1008 4011 1164 4087 amicae!
