2968 4732
536 251 653 307 umus
688 250 866 321 Quassus

567 755 668 831 ODE
695 754 836 829 XXIV.

555 1040 846 1115 TEMPES'PAS.

108 1325 178 1380 Hoc
191 1331 280 1378 cutem
291 1341 374 1394 pertus
385 1342 439 1378 acu
452 1326 559 1392 ejicitur
571 1327 626 1379 uisi
633 1342 686 1394 per
698 1329 842 1380 orationem
855 1333 878 1379 et
887 1328 1030 1394 jejuniam.
1044 1325 1155 1396 (Matth.
1171 1327 1211 1396 17,
1228 1327 1285 1396 20).

170 1592 280 1667 Vana
297 1591 394 1667 salus
413 1592 632 1668 heminis-
650 1620 863 1692 quaeramus
882 1621 1003 1670 amore
1022 1594 1187 1690 salutem,

271 1706 321 1782 Et
338 1709 503 1805 precibus
520 1735 734 1806 quaeramus
751 1735 918 1802 amorem,

171 1823 224 1898 Et
242 1823 411 1920 precibus
428 1823 596 1900 foveatur
614 1851 726 1921 am0r3
746 1836 846 1900 caret
863 1826 947 1922 igne
965 1821 1123 1922 lucerna,

272 1938 374 2030 Quae
393 1965 500 2014 succo
518 1939 685 2014 viduetur
704 1940 830 2034 olivae,

171 2053 341 2129 Flamma
357 2055 513 2152 resurgit
529 2081 643 2130 ovans
660 2055 779 2131 infusa
797 2055 956 2154 Pallade·
974 2057 1092 2133 noctis

273 2170 362 2267 Igne
379 2197 474 2246 novo
492 2169 694 2268 dispellitur
711 2171 849 2246 umbra.

173 2284 248 2360 Sed
266 2285 358 2361 lucis
375 2286 504 2362 metire
522 2287 664 2384 gradus,
685 2288 840 2362 nutritur
859 2288 973 2382 olivis,

273 2400 354 2475 Lux
370 2401 489 2499 potior
506 2401 642 2477 nutrita
658 2402 796 2500 liquore

173 2515 374 2611 Petrarum,
394 2518 525 2594 electro
543 2529 715 2615 generata
731 2519 772 2594 fit
790 2520 931 2595 aemula
949 2520 1043 2615 solie,

272 2632 371 2730 Ergo
389 2633 486 2708 salus
504 2634 708 2732 quaerenda
726 2635 855 2709 dolore.

174 2747 293 2824 Crede
310 2749 408 2842 mihi,
428 2749 547 2844 frater,
568 2750 757 2848 pariuntur
774 2751 908 2848 gaudia
924 2751 1020 2846 fleta,

273 2862 355 2940 Flet
372 2876 495 2959 mater,
517 2866 579 2940 sed
597 2867 755 2942 nascitur
772 2867 898 2960 infans,

173 2981 317 3055 Herses
333 2980 465 3056 flevere
483 2980 552 3074 diu,
570 2975 752 3056 laetantur
769 2982 810 3060 iu
824 3009 963 3074 aevum,

275 3094 426 3194 Semper
443 3096 512 3171 erit
528 3096 672 3171 virtutis
690 3097 788 3194 origo

172 3211 364 3309 lacryma,
385 3239 526 3309 semper
544 3213 611 3287 erit
628 3213 743 3288 cordis
761 3213 876 3288 tutela
893 3213 1020 3288 fidelis.

274 3329 327 3404 Ut
345 3339 497 3422 constat,
518 3329 766 3426 splendescere
784 3329 915 3424 lunam,

171 3445 287 3518 Astra
302 3446 435 3520 micare
452 3445 547 3542 polo,
566 3444 707 3520 coelum
724 3457 926 3543 terramque
944 3445 1090 3538 moveri,

273 3559 323 3635 Et
339 3560 483 3636 nivibus
500 3572 708 3658 turgescere
724 3571 874 3652 montes,

172 3676 226 3752 Et
242 3677 346 3754 flores
364 3677 483 3754 varios
500 3676 612 3752 hortis
631 3677 873 3775 fragrantibus
892 3677 958 3769 edi,

272 3794 322 3868 Et
340 3794 474 3868 Boreas
491 3804 698 3890 pervertere
715 3819 870 3890 campos,

171 3911 324 4009 Augen,
344 3910 456 3984 minui
473 3909 634 4007 pelagus,
654 3907 877 3984 frondescere
896 3907 1026 4006 sylvae,

273 4027 324 4103 Et
342 4051 482 4101 vermes
500 4025 586 4099 dare
603 4023 719 4099 serica
735 4024 831 4098 fila...

170 4143 287 4223 Haud
306 4169 406 4218 secus
425 4153 565 4217 atroces
582 4139 648 4214 tibi
666 4140 766 4214 lucra
783 4139 908 4216 tulisse
927 4140 1078 4237 dolores,

273 4260 324 4334 Et
340 4284 509 4334 mansura
525 4256 653 4332 tulisse
670 4266 859 4331 memento.
