2972 4738
582 247 702 304 LIBER
729 247 873 303 SEXTUS

10 497 11 500 ,
149 439 205 515 Sit
225 438 327 512 labor
343 436 411 512 iste
429 463 541 529 meus,
561 461 643 510 mea
661 435 708 510 sit
719 433 884 534 jucunda
901 433 1083 532 voluptas.

146 555 243 651 Hinc
260 553 343 628 nolo
364 552 521 628 famulus
539 552 683 627 domino
701 551 835 626 servire
853 550 1014 643 colonc„.

270 669 339 767 (O.)
360 667 476 742 Nobis
495 667 664 765 agricolis
683 667 787 742 docto
806 692 970 742 sermone
988 664 1130 758 dedisti,

145 785 247 884 Quae
265 785 383 863 sancti
400 784 553 859 docuere
571 783 648 876 viri,
669 783 823 880 fideique
841 781 1021 878 magistri:

144 902 214 975 Est
233 901 334 974 labor
351 901 388 973 in
407 900 585 997 precibus,
606 910 692 974 sunt
708 900 779 974 otro
798 925 906 997 saepe
924 897 1081 973 labores!

242 1015 472 1091 Amramides
488 1015 526 1089 in
543 1025 666 1090 monte
685 1015 796 1111 sedet,
816 1014 1050 1112 subjectaque
1068 1013 1173 1088 vallis

144 1133 306 1208 Exercet
323 1132 483 1230 spatiosa
496 1131 637 1224 ducem,
656 1130 802 1206 funesta
818 1131 961 1205 cientur

145 1249 304 1324 Proelia:
325 1247 423 1322 Dum
441 1248 564 1322 Moses
582 1245 718 1321 attollit
735 1246 771 1321 in
789 1246 939 1322 aethera
956 1245 1105 1343 palmas,

146 1364 259 1439 lsrael
278 1374 334 1438 est
352 1362 478 1457 victor,
499 1363 643 1460 palmae
661 1362 853 1454 lassantur,
874 1371 911 1436 ct
930 1388 1017 1436 ecce

146 1480 314 1555 Vincitur
331 1521 380 1532 -
397 1477 480 1552 hinc
501 1478 588 1554 socii
608 1488 814 1553 sustentant
832 1477 982 1552 brachia
999 1477 1143 1570 circum,

147 1598 273 1672 Donec
292 1595 345 1670 sol
364 1595 488 1669 obiens
506 1594 580 1668 alto
599 1621 637 1669 se
655 1594 800 1691 gurgite
818 1593 964 1668 condat:

146 1713 248 1789 Gens
265 1711 438 1786 Hebraea
454 1710 548 1784 redit
565 1709 663 1784 claro
682 1710 879 1784 certamine
897 1709 1041 1802 victrix,

147 1827 320 1906 Carmina
336 1827 432 1902 laeta
451 1851 594 1900 canens.
616 1823 781 1922 Supplex
800 1825 913 1900 oratic
930 1825 1054 1900 vicitll

149 1945 218 2019 Est
236 1943 337 2017 labor
353 1943 391 2017 in
407 1941 587 2040 precibus,
607 1940 731 2014 multis
748 1941 887 2016 felicior
904 1940 1047 2016 armisll

82 2053 89 2068 ’
244 2059 402 2136 Villicus
421 2084 509 2132 arva
525 2056 619 2150 colit,
639 2057 801 2132 medicus
819 2056 882 2132 dat
900 2055 1098 2154 pharmaca
1115 2056 1250 2150 morb0‚

144 2175 325 2251 Erudiunt
337 2175 493 2273 juvenes
511 2172 664 2270 sapienti
682 2199 770 2247 voce
787 2173 963 2271 magistri,

146 2291 331 2366 Laudibus
348 2289 499 2382 extollit,
521 2315 609 2386 quas
628 2288 707 2362 vult
725 2289 916 2365 extrudere
934 2315 1083 2382 meroes,

148 2407 340 2500 Mercator,
360 2405 482 2505 pelagi
501 2405 708 2479 moderatur
725 2403 808 2479 vela
824 2431 888 2503 per
906 2405 1021 2479 undas
1050 2399 1056 2406 ’

53 2611 56 2620 ¹
146 2522 184 2597 N
187 2532 281 2616 auta,
300 2533 405 2620 parat
423 2521 552 2595 mulier
570 2520 702 2618 cupido
714 2520 875 2618 jucunda
893 2519 1017 2618 palato

148 2638 319 2735 Fercula3
337 2638 445 2714 turba
462 2637 554 2712 sitit:
574 2637 767 2735 propinant
784 2637 870 2711 vina
886 2637 1067 2729 tabernae,

148 2755 355 2830 Indefessus
372 2753 480 2828 homo
498 2753 636 2851 vigilat,
658 2754 811 2828 desudat
828 2764 865 2828 et
882 2754 996 2852 alget:

148 2871 222 2946 Hic
240 2870 407 2945 mercede
425 2880 535 2945 vacat
552 2869 660 2963 labor,
681 2879 737 2944 est
754 2869 845 2945 haec
864 2870 966 2944 irrita
983 2895 1128 2966 prorsus

151 2986 368 3062 Sollicitudo
385 2986 517 3083 gravis,
537 2987 573 3061 sa'
585 2985 718 3083 frigida
735 2985 846 3060 corda
863 2996 1061 3082 graventur

152 3101 271 3177 Letali
291 3101 408 3198 culpa,
430 3112 514 3175 sunt
531 3101 602 3175 ista
618 3101 764 3198 negotia
783 3127 887 3175 vana.

151 3216 257 3293 Unus
275 3243 375 3292 amor
392 3217 492 3292 labor
510 3228 579 3291 est:
599 3216 686 3291 haec
704 3217 777 3290 sint
795 3217 942 3292 oracula
959 3218 1073 3293 nobis.

249 3330 319 3430 (L.)
338 3332 534 3407 Aerumnis
553 3332 661 3407 etiam
679 3333 796 3407 virtus
813 3333 1007 3408 tribuenda
1025 3332 1176 3407 laborisl

149 3448 287 3523 Bruma
303 3448 444 3545 rigebat
462 3447 566 3540 iners,
588 3459 849 3546 contractaque
868 3449 1031 3523 membra
1050 3449 1169 3524 coacti

151 3564 241 3661 Igne
259 3563 482 3657 fovebamus,
503 3590 613 3662 quum
632 3591 762 3663 vesper
780 3565 923 3640 adesset
943 3592 1094 3662 opacus3

150 3679 202 3754 Et
219 3707 314 3755 nova
333 3708 441 3779 saepe
459 3681 541 3756 foco
558 3708 617 3756 me
634 3681 759 3778 lingua
776 3682 917 3756 dedisse
935 3681 1096 3780 puellam

152 3795 381 3900 Eccesenex
398 3796 561 3893 memini,
580 3797 773 3894 torquebat
790 3797 923 3895 pollice
941 3797 1060 3871 fusum

150 3909 272 3986 Mater
290 3921 427 4010 amans,
445 3912 587 4009 genitor
604 3912 733 4010 lepidis
752 3913 975 3988 sermonibus
992 3913 1099 3988 horas
1183 3995 1188 4005 ,
1212 3957 1214 3964 -

151 4027 339 4104 Trudebat
355 4069 405 4083 -
423 4029 486 4104 sed
503 4055 633 4126 rumpo
651 4055 770 4104 moras
788 4030 942 4126 ambage
960 4042 1099 4106 remota
1114 4073 1165 4086 -·

150 4143 251 4218 Acta
267 4145 482 4220 recensebat
499 4147 718 4242 sanctorum,
737 4145 894 4243 plurima
909 4146 1024 4240 nobis,

152 4255 256 4349 Quae
272 4259 384 4357 prisci
401 4262 543 4337 subiere
561 4260 638 4356 viri,
658 4272 838 4338 tormenta
853 4262 1027 4362 magister
1058 4284 1065 4327 -’
