2972 4738
564 229 683 286 LIBER
718 231 864 286 SEXTUS

129 417 197 492 Est
214 417 316 494 Deus
333 417 540 512 immensus,
559 417 663 494 nobis
681 417 782 494 Deus
799 417 928 494 ultima
944 431 1050 511 meta,

129 532 231 610 Coeli
248 559 332 610 cara
349 533 477 609 domus
494 533 750 632 quaerentibus
768 533 897 609 ultima
914 535 1034 610 sedes!

227 649 382 726 Lumine
400 661 531 748 captus
549 659 646 746 ovat,
666 650 726 725 cui
744 649 829 726 solis
844 676 991 726 cernere
1010 650 1129 726 lucem

132 765 236 842 Sorte
254 765 397 841 datur...
409 765 529 841 ⁴densa
544 776 662 840 terrae
681 765 836 863 caligine
855 777 980 865 septus

130 881 332 958 Aethcrcas
350 909 440 975 oras,
461 881 522 956 ubi
540 881 604 957 lux
621 893 769 957 aeterna
786 892 967 978 coruscat,

130 997 280 1098 Aspicit,
301 1025 343 1074 ac
359 998 490 1074 faciem
509 997 639 1092 Patris,
660 998 720 1074 cui
736 998 899 1074 cominus
917 998 1074 1074 adstat...

130 1113 430 1212 Contemplemur
448 1141 547 1212 opus,
569 1114 654 1189 dum
671 1139 738 1188 nos
755 1113 814 1190 hio
833 1115 994 1191 continet
1013 1115 1118 1208 orbis,

129 1231 199 1306 Ast
216 1231 329 1324 illum,
350 1231 411 1329 qui
428 1231 514 1306 fecit
532 1257 633 1328 opus,
654 1256 870 1327 cognoscere
891 1229 1016 1306 Sancti

40 1383 46 1394 ·
129 1347 252 1422 Mente
270 1358 423 1446 queunt:
444 1347 589 1445 speculo
606 1373 726 1421 rerum
744 1346 919 1422 formatur
936 1349 1067 1444 imago,
1187 1362 1189 1372 '

130 1462 202 1538 Res
219 1485 291 1538 non
308 1448 543 1539 redduntur...
562 1463 686 1537 divina
702 1463 866 1560 potentia
883 1463 1000 1560 fulget

130 1578 173 1654 In
190 1578 314 1654 mundi
332 1579 490 1677 speculo,
511 1578 597 1653 dum
614 1579 712 1653 vitae
730 1579 915 1677 carpimus
933 1605 1050 1674 aurae,

129 1696 214 1794 Ipse
233 1706 362 1794 potens
380 1722 467 1771 vero
487 1721 524 1770 se
542 1695 633 1770 coeli
652 1695 794 1770 civibus
812 1695 931 1771 offert!

130 1813 276 1906 Quanta
293 1811 408 1888 oritur
424 1810 529 1885 nobis
547 1810 615 1885 hoc
635 1809 735 1885 fonte
754 1811 923 1886 scientia!
944 1810 1052 1884 Multi

128 1929 248 2005 Multa
267 1927 423 2002 sciunt...
442 1925 627 2000 hominum
645 1926 825 2024 sapientia
840 1926 965 2015 nubila
983 1953 1054 2001 nox
1073 1937 1136 2018 est,

130 2045 343 2122 Sanctorum
360 2041 562 2118 rubicunda
579 2040 666 2134 dies,
683 2042 738 2116 illi
756 2041 911 2117 didicere

129 2161 265 2236 Noctes
283 2169 394 2256 atque
412 2157 498 2250 dies,
518 2156 579 2231 isti
597 2184 670 2231 uno
686 2157 864 2255 temporis
879 2157 968 2254 ictu3

129 2278 179 2352 Et
190 2276 354 2380 ⁸subeunt
372 2274 491 2348 doctis
509 2273 705 2348 multarum
724 2272 859 2348 oblivia
876 2299 1004 2366 rerum,

129 2393 232 2486 Quae
251 2389 367 2466 sancti
385 2390 570 2487 peperere,
589 2399 736 2482 manent
753 2389 903 2465 immota
920 2417 985 2487 per
1003 2390 1150 2464 aevum!

228 2505 299 2607 (C.)
319 2506 362 2580 In
380 2505 482 2580 coelo
499 2504 669 2580 minimus
688 2505 814 2580 doctos
833 2505 1078 2604 supereminet
1095 2507 1234 2581 omnes!

129 2625 181 2700 Hi
198 2635 321 2702 tamen
338 2622 516 2714 inflantur,
536 2648 602 2696 nos
619 2622 723 2720 parvi
741 2621 933 2719 pendimus
950 2621 1052 2714 eheu,

128 2741 191 2816 Me
208 2739 357 2816 miseret
374 2737 468 2813 tanti
486 2738 603 2813 fastus
619 2738 837 2836 miseretque
855 2738 1049 2828 virorum...

130 2856 230 2933 Crux
247 2855 339 2930 liber
357 2866 412 2930 est
429 2855 567 2952 ingens,
587 2855 656 2931 hoo
676 2843 906 2948 delectemur,
927 2865 964 2928 et
982 2879 1106 2935 omnes
1195 2909 1198 2922 .

129 2971 277 3068 Erudit3
293 2971 361 3046 hoc
379 2971 500 3046 demto
518 2970 681 3068 locuples
700 2971 842 3068 farrago
860 2969 1032 3045 librorum

128 3086 330 3162 Commoda
346 3085 448 3162 nulla
465 3097 606 3184 parat...
627 3113 769 3182 semper
788 3085 970 3160 discamus
989 3111 1157 3179 amorem,

126 3202 178 3278 Et
194 3202 359 3278 breviore
377 3203 438 3277 via
455 3202 600 3277 dabitur
618 3202 797 3299 sapientia
813 3201 933 3277 nobis!

226 3317 359 3414 Omnia
375 3317 580 3415 diffugiunt,
599 3344 709 3414 quum
727 3317 800 3392 leto
819 3317 1078 3409 occumbimus,
1098 3341 1191 3391 unus

125 3434 212 3508 Non
229 3433 334 3509 timet
352 3433 469 3509 almus
487 3460 588 3509 amor
605 3433 787 3508 violentae
805 3433 947 3531 spicula
962 3432 1108 3536 mortis!

125 3550 211 3624 Non
229 3549 309 3624 heic
327 3559 430 3625 tutus
448 3575 558 3645 amor,
579 3577 722 3647 semper
740 3549 836 3625 ferus
854 3549 1014 3625 infremit
1032 3547 1160 3623 hostis:

124 3664 345 3749 Estinfesta
362 3692 458 3758 caro,
479 3665 621 3740 soboles
638 3666 771 3741 infesta
788 3666 975 3758 malorum,

125 3779 324 3856 Daemonis
342 3781 492 3856 exardet
509 3773 663 3856 rabies...
682 3793 822 3857 certare
834 3782 1007 3879 jubemur
1101 3849 1103 3854 .

123 3896 177 3971 Et
194 3923 284 3994 puer
302 3907 339 3972 et
350 3896 509 3993 juvenis,
531 3895 595 3989 vir,
615 3897 759 3990 femina,
779 3908 904 3996 nupta,
925 3897 1056 3994 puella,

124 4012 387 4110 Decrepitique
405 4037 519 4106 senes,
540 4012 626 4086 dum
645 4014 743 4088 vitae
762 4013 897 4088 labitur
916 4025 1027 4088 aetas

123 4129 323 4226 Nunquam
340 4127 474 4202 blanda
493 4126 605 4225 quies,
624 4129 820 4203 metuenda
837 4129 1000 4227 pericula
1019 4153 1171 4226 semper,

122 4243 270 4320 Laurea
286 4252 383 4320 serta
400 4243 512 4320 cornis
530 4254 614 4319 sunt
631 4242 712 4320 heic
731 4245 866 4322 virtute
884 4246 1060 4344 paranda:
