2962 4742
157 187 213 246 ⁴⁶⁰
634 199 849 256 canurmr

157 385 254 462 Gara
269 387 423 461 maala
441 386 528 480 dies,
548 414 659 486 quum
677 414 745 462 nos
762 399 937 462 renovata
954 387 1102 482 salutas,

255 502 387 600 Irrigat
404 503 567 578 assiduae
585 503 747 600 lacryma
763 502 845 577 fusa
861 530 986 601 genas.
1002 545 1055 556 -

157 615 197 694 Si
215 643 281 693 nos
297 645 429 717 magma
447 619 541 717 rapit
558 619 687 694 reclusi
705 618 824 710 fontis,
844 619 985 693 amicae

253 733 377 832 Major
393 733 511 808 adhuc
530 734 675 810 Ooenae
693 735 853 809 carmine
870 734 982 831 digna
999 733 1090 808 dies:

160 847 280 924 Tartrb
296 849 479 924 demulcet
496 861 599 924 tanta
615 849 806 925 dulcedine
823 876 962 942 sensus,

256 963 307 1039 Ut
323 977 480 1062 nequeat
496 964 657 1040 citharae
675 991 766 1040 voce
783 977 933 1061 potente
950 963 1044 1038 cani.

156 1078 261 1155 Haec
279 1091 335 1156 est
350 1107 435 1155 cara
452 1081 540 1174 dies,
560 1107 632 1180 qua
649 1107 773 1155 sacrae
789 1107 856 1154 nos
874 1080 975 1154 dedit
991 1106 1075 1152 arae

255 1196 391 1272 Omnes
408 1197 569 1295 ejusdem
588 1195 769 1272 Praesulis
786 1208 896 1270 uncta
913 1223 1051 1270 manue.

158 1311 324 1386 Mamm
335 1313 418 1410 jure
435 1312 513 1386 dies
529 1312 633 1386 binas
651 1312 786 1386 virtute
804 1338 943 1386 sorores

254 1425 390 1518 Vincit,
410 1438 448 1501 et
465 1427 502 1500 in
519 1437 622 1502 casto
638 1437 784 1524 pectore
801 1424 918 1500 fervet
936 1452 1047 1499 amor.

158 1539 350 1617 Offerimus
368 1541 468 1616 Patri
485 1541 652 1616 manibus
669 1540 936 1638 trepidantibus
954 1544 1112 1638 Agnum,

255 1655 403 1732 Solvere
420 1658 563 1755 peccati
581 1657 726 1731 vincula
741 1657 832 1730 dura
844 1657 963 1754 juvat.

156 1771 341 1847 Laudibus
358 1772 536 1848 extollant
552 1799 679 1869 regum
697 1771 904 1846 diademata
920 1783 1039 1868 vates3

254 1885 338 1962 Sole
356 1889 581 1964 sacerdotum
599 1887 755 1962 candida
772 1886 858 1961 luna
874 1886 1005 1982 minor3

159 2002 209 2078 Et
225 2003 340 2102 partis
358 2014 499 2080 tumeat
516 2029 651 2078 vesana
668 2003 822 2078 scientia
838 1999 961 2077 lucris:

255 2119 335 2193 Nos
352 2129 468 2194 tutam
487 2119 628 2218 patriae
646 2117 838 2216 pandimus
855 2145 916 2193 ore
934 2117 1046 2214 viam3

157 2232 228 2326 Qui
244 2234 400 2308 corradit
417 2261 513 2332 opes,
534 2233 631 2309 elata
648 2233 765 2308 fronte
782 2233 954 2331 superbit,

253 2349 331 2424 Nec
351 2350 444 2447 stipe
462 2350 664 2426 mendicum
682 2349 819 2425 mulcet
836 2375 947 2424 avara
962 2375 1104 2424 manus:

157 2466 272 2541 Nobis
290 2492 403 2563 parva
418 2493 542 2564 penus,
563 2466 626 2539 sed
644 2476 769 2562 raptus
786 2491 907 2539 amore
926 2464 1094 2538 sacerdos

254 2581 372 2656 Multa
390 2583 463 2656 suis
480 2581 607 2656 tribuit
623 2607 697 2655 non
714 2581 875 2678 peritura
892 2580 1001 2675 bona3

155 2695 192 2772 N
195 2723 251 2770 am
270 2697 429 2772 custodit
447 2724 541 2790 oves,
561 2723 627 2772 nec
643 2696 793 2796 pinguia
809 2695 974 2792 gramina
992 2695 1130 2786 desunt,
1164 2763 1170 2774 .

252 2811 484 2911 Depellitque
502 2813 599 2887 sitim
617 2813 697 2887 fons
715 2810 877 2886 salientis
896 2838 1021 2908 aquae.

156 2927 237 3018 Quo
255 2926 341 3002 laeti
359 2928 528 3001 ferimur?
545 2927 744 3002 Tantarum
761 2953 911 3002 munera
929 2927 1076 3002 laudum

252 3042 430 3117 Novimus
448 3071 535 3118 ecce
554 3069 677 3118 omnes
695 3069 774 3117 esse
792 3043 927 3116 tributa
945 3043 1033 3134 Deo,

156 3157 236 3250 Quo
255 3159 367 3232 servis
386 3170 529 3234 auctore
548 3158 654 3236 datur
672 3158 879 3232 veneranda
895 3169 1073 3256 potestas:

253 3273 434 3372 Quidquid
452 3275 562 3348 babet
580 3301 714 3366 servus,
733 3273 882 3348 tradidit
899 3300 991 3349 unus
1009 3272 1134 3348 herus!

156 3387 264 3466 Salve
283 3390 393 3488 igitur
410 3390 534 3488 regina
553 3390 639 3484 dies,
658 3400 694 3464 te
714 3389 872 3486 quinque
891 3390 1051 3464 salutant

250 3506 417 3580 Lustra...
435 3507 528 3580 bono
548 3504 646 3578 Patri
664 3503 813 3578 reddere
832 3515 918 3578 vota
930 3505 1052 3601 juvat!

153 3621 276 3696 Aurea
296 3622 480 3697 Pontificis
499 3619 737 3695 circumdedit
755 3619 868 3696 infula
887 3620 1049 3712 liontem,

250 3738 376 3813 Voluit
395 3737 456 3811 ubi
477 3734 636 3834 placidas
656 3734 802 3810 Sentius
821 3737 937 3809 amnis
955 3762 1075 3833 aquae,

151 3852 370 3951 Adriacique
389 3853 499 3927 maris
517 3850 663 3947 patulas
680 3860 870 3925 revocatus
888 3851 933 3924 ad
951 3877 1042 3945 oras,

249 3969 360 4044 Tollit
378 3968 438 4042 ubi
458 3966 573 4040 celsas
593 3965 678 4039 urbs
696 3966 867 4062 opulenta
887 3966 1020 4058 domos,

152 4081 218 4159 Ille
237 4083 448 4159 sacerdotes
467 4081 592 4180 quinto
609 4108 693 4155 mox
711 4107 834 4156 mense
853 4083 1007 4156 cadente

248 4200 326 4274 Nos
345 4198 448 4274 unxit
459 4197 622 4298 prelatos!
637 4196 913 4272 Bartlrolomaee
933 4198 1058 4272 Pater!
