3040 4732
612 203 731 257 LIBER
759 203 904 258 PRIMUS

650 723 754 800 ODE
780 725 864 800 XX.

641 999 865 1077 rucuma.

385 1277 443 1344 Epo
460 1293 546 1329 sum...
562 1276 729 1344 principium
747 1282 772 1328 et
782 1278 860 1344 finis.
882 1277 980 1347 (Apoc.
1000 1277 1043 1345 22,
1062 1277 1120 1348 13).

353 1539 452 1615 Dum
468 1567 527 1616 me
543 1539 623 1640 ripa
639 1552 749 1639 tenet,
769 1543 924 1619 volveris
941 1545 987 1620 ad
1005 1571 1113 1639 mare,

353 1654 472 1731 Velox
489 1656 595 1751 unda,
614 1659 724 1732 maris
740 1657 870 1735 filial...
888 1687 946 1735 me
964 1660 1073 1736 docos

353 1770 521 1847 Tironem
539 1772 729 1848 docilem...
749 1801 829 1849 sum
847 1775 992 1872 genitus
1009 1776 1097 1870 Dec,

451 1887 504 1964 Ut
521 1889 664 1966 dulcem
682 1903 845 1989 repetam
865 1893 994 1968 Deum.

352 2118 450 2194 Dum
467 2131 508 2195 tu
524 2121 645 2216 curris,
665 2148 734 2219 ego
750 2148 873 2219 repo...
891 2121 962 2197 cito
982 2122 1127 2220 quidem

351 2236 448 2310 Auni
466 2248 696 2336 praetereunt
713 2237 981 2314 irrevocabiles:

351 2351 404 2426 Ar
419 2363 608 2428 cunctatur
625 2379 759 2428 amor...
780 2352 859 2451 quis
876 2352 1003 2429 melior
1018 2364 1149 2448 tamen,

449 2467 519 2558 Qui
537 2466 723 2543 formosior
740 2479 797 2543 est
814 2469 917 2545 Deo?

350 2697 545 2776 Flaventes
563 2711 705 2799 segetes
723 2701 820 2776 unda
837 2700 1076 2800 perambulas²

350 2812 420 2889 Per
436 2841 544 2914 rupes
561 2816 686 2892 eadem
704 2817 834 2892 laberis
852 2815 1030 2892 horridas:

349 2930 474 3006 Donec
493 2932 586 3007 vivit
603 2930 720 3026 homo,
739 2932 874 3030 gaudia
891 2932 1061 3030 lacrymis

447 3045 743 3142 Commiscentur‚
764 3060 801 3123 at
820 3048 854 3146 (o
872 3047 1000 3146 pudor)

348 3277 574 3355 Damnantur
592 3280 782 3379 lacrymae,
803 3281 955 3357 subdere
972 3281 1138 3356 nolumus

348 3394 449 3470 Duro
466 3395 558 3471 colla
569 3397 669 3495 jugo,
690 3423 754 3472 nos
771 3397 968 3496 patientiae

347 3509 474 3586 Virtus
492 3511 587 3587 alma
603 3511 728 3587 latet...
747 3538 814 3588 nec
832 3512 929 3588 mala
947 3511 1124 3611 pellimus

444 3627 494 3703 Et
510 3638 719 3726 torquemur
736 3629 902 3703 atrocius.

345 3856 506 3932 Feruens
525 3857 621 3932 unda
638 3858 734 3932 viam
753 3858 911 3956 corripis
933 3869 971 3933 al
988 3857 1072 3955 gelu

345 3973 429 4049 Heu
447 3984 618 4049 concreta
634 3973 745 4071 riges:
763 4001 824 4050 cor
841 3974 943 4072 pueri
960 3975 1052 4048 nitet

345 4089 483 4164 Munda
500 4101 602 4165 veste
620 4090 718 4165 diu...
737 4090 887 4188 pulvere
906 4089 1098 4188 spargitur,

441 4205 565 4282 Foeda
581 4205 755 4304 polluitur
772 4205 861 4304 pice.
