<?xml version="1.0" encoding="UTF-8"?>
<!DOCTYPE html PUBLIC "-//W3C//DTD XHTML 1.0 Transitional//EN"
    "http://www.w3.org/TR/xhtml1/DTD/xhtml1-transitional.dtd">
<html xmlns="http://www.w3.org/1999/xhtml" xml:lang="en" lang="en">
 <head>
  <title>
</title>
<meta http-equiv="Content-Type" content="text/html;charset=utf-8" />
  <meta name='ocr-system' content='tesseract 3.04.00' />
  <meta name='ocr-capabilities' content='ocr_page ocr_carea ocr_par ocr_line ocrx_word'/>
</head>
<body>
  <div class='ocr_page' id='page_1' title='image "./carminumlibrioc00schngoog_0266.png"; bbox 0 0 3030 4734; ppageno 0'>
   <div class='ocr_carea' id='block_1_1' title="bbox 544 200 875 302">
    <p class='ocr_par' dir='ltr' id='par_1_1' title="bbox 544 200 875 328">
     <span class='ocr_line' id='line_1_1' title="bbox 544 200 875 302; baseline 0.012 -16"><span class='ocrx_word' id='word_1_1' title='bbox 544 234 663 288; x_wconf 80' lang='lat' dir='ltr'>nisus</span> <span class='ocrx_word' id='word_1_2' title='bbox 697 200 875 302; x_wconf 73' lang='lat' dir='ltr'>ausurus</span> 
     </span>
    </p>
   </div>
   <div class='ocr_carea' id='block_1_2' title="bbox 577 699 847 812">
    <p class='ocr_par' dir='ltr' id='par_1_2' title="bbox 577 699 847 812">
     <span class='ocr_line' id='line_1_2' title="bbox 577 699 847 812; baseline -0.007 0"><span class='ocrx_word' id='word_1_3' title='bbox 577 699 847 812; x_wconf 78' lang='lat' dir='ltr'>ons&#39;nnrr.</span> 
     </span>
    </p>
   </div>
   <div class='ocr_carea' id='block_1_3' title="bbox 638 995 790 1072">
    <p class='ocr_par' dir='ltr' id='par_1_3' title="bbox 638 995 790 1072">
     <span class='ocr_line' id='line_1_3' title="bbox 638 995 790 1072; baseline 0 -2"><span class='ocrx_word' id='word_1_4' title='bbox 638 995 790 1072; x_wconf 76' lang='lat' dir='ltr'>rmus</span> 
     </span>
    </p>
   </div>
   <div class='ocr_carea' id='block_1_4' title="bbox 234 1254 1198 1412">
    <p class='ocr_par' dir='ltr' id='par_1_4' title="bbox 234 1254 1198 1412">
     <span class='ocr_line' id='line_1_4' title="bbox 234 1254 1198 1323; baseline 0.001 -16"><span class='ocrx_word' id='word_1_5' title='bbox 234 1254 289 1308; x_wconf 81' lang='lat' dir='ltr'>Est</span> <span class='ocrx_word' id='word_1_6' title='bbox 306 1261 393 1307; x_wconf 72' lang='lat' dir='ltr'>autam</span> <span class='ocrx_word' id='word_1_7' title='bbox 412 1254 494 1306; x_wconf 79' lang='lat' dir='ltr'>Fides</span> <span class='ocrx_word' id='word_1_8' title='bbox 511 1255 707 1321; x_wconf 77' lang='lat' dir='ltr'>sperandarum</span> <span class='ocrx_word' id='word_1_9' title='bbox 726 1255 875 1306; x_wconf 71' lang='lat' dir='ltr'>autumatio</span> <span class='ocrx_word' id='word_1_10' title='bbox 893 1272 993 1323; x_wconf 82' lang='lat' dir='ltr'>rarum,</span> <span class='ocrx_word' id='word_1_11' title='bbox 1012 1263 1198 1322; x_wconf 68' lang='lat' dir='ltr'>argumentum</span> 
     </span>
     <span class='ocr_line' id='line_1_5' title="bbox 461 1343 971 1412; baseline 0.002 -16"><span class='ocrx_word' id='word_1_12' title='bbox 461 1360 514 1396; x_wconf 81' lang='lat' dir='ltr'>non</span> <span class='ocrx_word' id='word_1_13' title='bbox 533 1344 729 1410; x_wconf 79' lang='lat' dir='ltr'>apparentium.</span> <span class='ocrx_word' id='word_1_14' title='bbox 751 1343 849 1412; x_wconf 84' lang='lat' dir='ltr'>(Hebr.</span> <span class='ocrx_word' id='word_1_15' title='bbox 870 1343 911 1411; x_wconf 90' lang='lat'>11,</span> <span class='ocrx_word' id='word_1_16' title='bbox 932 1343 971 1412; x_wconf 92' lang='lat'>1).</span> 
     </span>
    </p>
   </div>
   <div class='ocr_carea' id='block_1_5' title="bbox 238 1573 1255 4332">
    <p class='ocr_par' dir='ltr' id='par_1_5' title="bbox 245 1573 1127 1788">
     <span class='ocr_line' id='line_1_6' title="bbox 245 1573 1127 1668; baseline 0 -19"><span class='ocrx_word' id='word_1_17' title='bbox 245 1573 441 1666; x_wconf 71' lang='lat' dir='ltr'>Credentes,</span> <span class='ocrx_word' id='word_1_18' title='bbox 461 1573 640 1649; x_wconf 82' lang='lat' dir='ltr'><strong>immanes</strong></span> <span class='ocrx_word' id='word_1_19' title='bbox 659 1575 801 1650; x_wconf 84' lang='lat' dir='ltr'>sinuare</span> <span class='ocrx_word' id='word_1_20' title='bbox 819 1575 1012 1668; x_wconf 73' lang='lat' dir='ltr'>volumina</span> <span class='ocrx_word' id='word_1_21' title='bbox 1033 1574 1127 1650; x_wconf 91' lang='lat' dir='ltr'>diros</span> 
     </span>
     <span class='ocr_line' id='line_1_7' title="bbox 335 1689 908 1788; baseline 0.005 -25"><span class='ocrx_word' id='word_1_22' title='bbox 335 1690 404 1764; x_wconf 91' lang='lat' dir='ltr'>Per</span> <span class='ocrx_word' id='word_1_23' title='bbox 422 1689 559 1788; x_wconf 86' lang='lat' dir='ltr'>Libyae</span> <span class='ocrx_word' id='word_1_24' title='bbox 578 1691 720 1766; x_wconf 90' lang='lat' dir='ltr'>deserta</span> <span class='ocrx_word' id='word_1_25' title='bbox 737 1691 908 1766; x_wconf 80' lang='lat' dir='ltr'>dracones</span> 
     </span>
    </p>

    <p class='ocr_par' dir='ltr' id='par_1_6' title="bbox 239 1805 1190 2019">
     <span class='ocr_line' id='line_1_8' title="bbox 239 1805 1190 1904; baseline 0.002 -24"><span class='ocrx_word' id='word_1_26' title='bbox 239 1805 418 1903; x_wconf 82' lang='lat' dir='ltr'>Spargere</span> <span class='ocrx_word' id='word_1_27' title='bbox 435 1805 534 1881; x_wconf 86' lang='lat' dir='ltr'>virus</span> <span class='ocrx_word' id='word_1_28' title='bbox 551 1819 665 1900; x_wconf 73' lang='lat' dir='ltr'>atron,</span> <span class='ocrx_word' id='word_1_29' title='bbox 685 1807 825 1903; x_wconf 90' lang='lat' dir='ltr'>aquilas</span> <span class='ocrx_word' id='word_1_30' title='bbox 843 1807 1049 1904; x_wconf 88' lang='lat' dir='ltr'>contingere</span> <span class='ocrx_word' id='word_1_31' title='bbox 1067 1808 1190 1902; x_wconf 83' lang='lat' dir='ltr'>nubes,</span> 
     </span>
     <span class='ocr_line' id='line_1_9' title="bbox 335 1921 896 2019; baseline 0.004 -25"><span class='ocrx_word' id='word_1_32' title='bbox 335 1921 573 1998; x_wconf 88' lang='lat' dir='ltr'>Horrentisve</span> <span class='ocrx_word' id='word_1_33' title='bbox 592 1923 778 1998; x_wconf 89' lang='lat' dir='ltr'>cacumine</span> <span class='ocrx_word' id='word_1_34' title='bbox 796 1923 896 2019; x_wconf 88' lang='lat' dir='ltr'>rupis</span> 
     </span>
    </p>

    <p class='ocr_par' dir='ltr' id='par_1_7' title="bbox 238 2037 1147 2228">
     <span class='ocr_line' id='line_1_10' title="bbox 238 2037 1147 2136; baseline 0.003 -26"><span class='ocrx_word' id='word_1_35' title='bbox 238 2037 460 2134; x_wconf 81' lang='lat' dir='ltr'>Praecipites</span> <span class='ocrx_word' id='word_1_36' title='bbox 478 2037 570 2131; x_wconf 82' lang='lat' dir='ltr'>ferri,</span> <span class='ocrx_word' id='word_1_37' title='bbox 591 2038 816 2136; x_wconf 81' lang='lat' dir='ltr'>rapientibus</span> <span class='ocrx_word' id='word_1_38' title='bbox 834 2039 1015 2136; x_wconf 92' lang='lat' dir='ltr'>unguibus</span> <span class='ocrx_word' id='word_1_39' title='bbox 1034 2065 1147 2134; x_wconf 88' lang='lat' dir='ltr'>agnos</span> 
     </span>
     <span class='ocr_line' id='line_1_11' title="bbox 334 2151 890 2228; baseline 0.002 -2"><span class='ocrx_word' id='word_1_40' title='bbox 334 2151 385 2226; x_wconf 85' lang='lat' dir='ltr'>Et</span> <span class='ocrx_word' id='word_1_41' title='bbox 403 2164 520 2227; x_wconf 88' lang='lat' dir='ltr'>rostro</span> <span class='ocrx_word' id='word_1_42' title='bbox 538 2153 673 2228; x_wconf 89' lang='lat' dir='ltr'>laniare</span> <span class='ocrx_word' id='word_1_43' title='bbox 691 2153 890 2228; x_wconf 76' lang='lat' dir='ltr'>tremende.</span> 
     </span>
    </p>

    <p class='ocr_par' dir='ltr' id='par_1_8' title="bbox 247 2266 1255 2482">
     <span class='ocr_line' id='line_1_12' title="bbox 247 2266 1255 2366; baseline 0.002 -24"><span class='ocrx_word' id='word_1_44' title='bbox 247 2266 443 2362; x_wconf 74' lang='lat' dir='ltr'>Credimus,</span> <span class='ocrx_word' id='word_1_45' title='bbox 464 2268 652 2343; x_wconf 91' lang='lat' dir='ltr'>horribiles</span> <span class='ocrx_word' id='word_1_46' title='bbox 669 2269 845 2345; x_wconf 89' lang='lat' dir='ltr'>immensa</span> <span class='ocrx_word' id='word_1_47' title='bbox 861 2268 956 2343; x_wconf 91' lang='lat' dir='ltr'>mole</span> <span class='ocrx_word' id='word_1_48' title='bbox 973 2268 1145 2344; x_wconf 89' lang='lat' dir='ltr'>balaenas</span> <span class='ocrx_word' id='word_1_49' title='bbox 1251 2359 1255 2366; x_wconf 20' lang='lat'>⁵</span> 
     </span>
     <span class='ocr_line' id='line_1_13' title="bbox 337 2384 853 2482; baseline -0.006 -21"><span class='ocrx_word' id='word_1_50' title='bbox 337 2384 471 2461; x_wconf 88' lang='lat' dir='ltr'>Oceani</span> <span class='ocrx_word' id='word_1_51' title='bbox 489 2411 699 2482; x_wconf 88' lang='lat' dir='ltr'>percurrere</span> <span class='ocrx_word' id='word_1_52' title='bbox 716 2384 853 2478; x_wconf 88' lang='lat' dir='ltr'>fluctus,</span> 
     </span>
    </p>

    <p class='ocr_par' dir='ltr' id='par_1_9' title="bbox 239 2498 1055 2715">
     <span class='ocr_line' id='line_1_14' title="bbox 239 2498 1055 2605; baseline 0 -31"><span class='ocrx_word' id='word_1_53' title='bbox 239 2498 448 2574; x_wconf 80' lang='lat' dir='ltr'>Visceribus</span> <span class='ocrx_word' id='word_1_54' title='bbox 465 2511 583 2576; x_wconf 89' lang='lat' dir='ltr'>terrae</span> <span class='ocrx_word' id='word_1_55' title='bbox 600 2501 704 2575; x_wconf 90' lang='lat' dir='ltr'>condi</span> <span class='ocrx_word' id='word_1_56' title='bbox 722 2500 881 2605; x_wconf 81' lang='lat' dir='ltr'>pretiosa</span> <span class='ocrx_word' id='word_1_57' title='bbox 898 2499 1055 2592; x_wconf 84' lang='lat' dir='ltr'>metalla,</span> 
     </span>
     <span class='ocr_line' id='line_1_15' title="bbox 337 2614 957 2715; baseline 0.003 -27"><span class='ocrx_word' id='word_1_58' title='bbox 337 2614 387 2690; x_wconf 86' lang='lat' dir='ltr'>Et</span> <span class='ocrx_word' id='word_1_59' title='bbox 403 2641 566 2714; x_wconf 89' lang='lat' dir='ltr'>gemmas</span> <span class='ocrx_word' id='word_1_60' title='bbox 583 2616 722 2692; x_wconf 89' lang='lat' dir='ltr'>radiare</span> <span class='ocrx_word' id='word_1_61' title='bbox 740 2642 805 2715; x_wconf 89' lang='lat' dir='ltr'>per</span> <span class='ocrx_word' id='word_1_62' title='bbox 823 2615 957 2709; x_wconf 88' lang='lat' dir='ltr'>orbem,</span> 
     </span>
    </p>

    <p class='ocr_par' dir='ltr' id='par_1_10' title="bbox 240 2731 1013 2945">
     <span class='ocr_line' id='line_1_16' title="bbox 240 2731 1013 2831; baseline -0.001 -26"><span class='ocrx_word' id='word_1_63' title='bbox 240 2731 452 2808; x_wconf 89' lang='lat' dir='ltr'>Innumeros</span> <span class='ocrx_word' id='word_1_64' title='bbox 469 2731 574 2808; x_wconf 89' lang='lat' dir='ltr'>flores</span> <span class='ocrx_word' id='word_1_65' title='bbox 592 2733 701 2807; x_wconf 89' lang='lat' dir='ltr'>variis</span> <span class='ocrx_word' id='word_1_66' title='bbox 719 2733 927 2831; x_wconf 85' lang='lat' dir='ltr'>regionibus</span> <span class='ocrx_word' id='word_1_67' title='bbox 945 2732 1013 2827; x_wconf 76' lang='lat' dir='ltr'>edi,</span> 
     </span>
     <span class='ocr_line' id='line_1_17' title="bbox 337 2847 892 2945; baseline 0.005 -25"><span class='ocrx_word' id='word_1_68' title='bbox 337 2847 388 2922; x_wconf 82' lang='lat' dir='ltr'>Et</span> <span class='ocrx_word' id='word_1_69' title='bbox 405 2847 544 2945; x_wconf 85' lang='lat' dir='ltr'>fulgere</span> <span class='ocrx_word' id='word_1_70' title='bbox 560 2848 739 2924; x_wconf 91' lang='lat' dir='ltr'>coloribus</span> <span class='ocrx_word' id='word_1_71' title='bbox 756 2847 892 2923; x_wconf 88' lang='lat' dir='ltr'>hortos.</span> 
     </span>
    </p>

    <p class='ocr_par' dir='ltr' id='par_1_11' title="bbox 242 2961 1126 3177">
     <span class='ocr_line' id='line_1_18' title="bbox 242 2961 1126 3060; baseline 0.001 -23"><span class='ocrx_word' id='word_1_72' title='bbox 242 2961 280 3038; x_wconf 83' lang='lat' dir='ltr'>Si</span> <span class='ocrx_word' id='word_1_73' title='bbox 298 2963 378 3060; x_wconf 92' lang='lat' dir='ltr'>quis</span> <span class='ocrx_word' id='word_1_74' title='bbox 396 2962 644 3038; x_wconf 86' lang='lat' dir='ltr'>Alexandrum</span> <span class='ocrx_word' id='word_1_75' title='bbox 661 2975 763 3039; x_wconf 90' lang='lat' dir='ltr'>terno</span> <span class='ocrx_word' id='word_1_76' title='bbox 782 2963 978 3040; x_wconf 76' lang='lat' dir='ltr'>certamine</span> <span class='ocrx_word' id='word_1_77' title='bbox 998 2963 1126 3038; x_wconf 86' lang='lat' dir='ltr'>Persas</span> 
     </span>
     <span class='ocr_line' id='line_1_19' title="bbox 342 3078 916 3177; baseline 0.002 -24"><span class='ocrx_word' id='word_1_78' title='bbox 342 3078 560 3176; x_wconf 79' lang='lat' dir='ltr'>Subjecisse,</span> <span class='ocrx_word' id='word_1_79' title='bbox 580 3080 789 3177; x_wconf 87' lang='lat' dir='ltr'>potentibus</span> <span class='ocrx_word' id='word_1_80' title='bbox 807 3080 916 3154; x_wconf 88' lang='lat' dir='ltr'>armis</span> 
     </span>
    </p>

    <p class='ocr_par' dir='ltr' id='par_1_12' title="bbox 242 3179 1098 3409">
     <span class='ocr_line' id='line_1_20' title="bbox 242 3179 1098 3293; baseline 0.001 -26"><span class='ocrx_word' id='word_1_81' title='bbox 242 3193 424 3268; x_wconf 89' lang='lat' dir='ltr'>Romanos</span> <span class='ocrx_word' id='word_1_82' title='bbox 440 3182 573 3270; x_wconf 81' lang='lat' dir='ltr'>referat</span> <span class='ocrx_word' id='word_1_83' title='bbox 590 3179 812 3270; x_wconf 84' lang='lat' dir='ltr'>Teucrorum</span> <span class='ocrx_word' id='word_1_84' title='bbox 831 3195 942 3293; x_wconf 80' lang='lat' dir='ltr'>stirpe</span> <span class='ocrx_word' id='word_1_85' title='bbox 960 3205 1098 3271; x_wconf 88' lang='lat' dir='ltr'>creatos</span> 
     </span>
     <span class='ocr_line' id='line_1_21' title="bbox 339 3310 914 3409; baseline 0.003 -25"><span class='ocrx_word' id='word_1_86' title='bbox 339 3310 390 3385; x_wconf 84' lang='lat' dir='ltr'>Et</span> <span class='ocrx_word' id='word_1_87' title='bbox 408 3311 561 3409; x_wconf 91' lang='lat' dir='ltr'>populos</span> <span class='ocrx_word' id='word_1_88' title='bbox 579 3311 761 3387; x_wconf 85' lang='lat' dir='ltr'>domuisse</span> <span class='ocrx_word' id='word_1_89' title='bbox 778 3310 914 3386; x_wconf 87' lang='lat' dir='ltr'>feroces</span> 
     </span>
    </p>

    <p class='ocr_par' dir='ltr' id='par_1_13' title="bbox 240 3425 1080 3640">
     <span class='ocr_line' id='line_1_22' title="bbox 240 3425 1080 3524; baseline 0.002 -26"><span class='ocrx_word' id='word_1_90' title='bbox 240 3425 290 3499; x_wconf 86' lang='lat' dir='ltr'>Et</span> <span class='ocrx_word' id='word_1_91' title='bbox 308 3452 435 3522; x_wconf 90' lang='lat' dir='ltr'>regum</span> <span class='ocrx_word' id='word_1_92' title='bbox 453 3426 565 3524; x_wconf 91' lang='lat' dir='ltr'>capiti</span> <span class='ocrx_word' id='word_1_93' title='bbox 583 3426 723 3524; x_wconf 87' lang='lat' dir='ltr'>priscas</span> <span class='ocrx_word' id='word_1_94' title='bbox 740 3425 902 3523; x_wconf 85' lang='lat' dir='ltr'>rapuisse</span> <span class='ocrx_word' id='word_1_95' title='bbox 920 3451 1080 3521; x_wconf 83' lang='lat' dir='ltr'>coronas,</span> 
     </span>
     <span class='ocr_line' id='line_1_23' title="bbox 338 3541 1023 3640; baseline -0.001 -25"><span class='ocrx_word' id='word_1_96' title='bbox 338 3542 461 3640; x_wconf 85' lang='lat' dir='ltr'>Atque</span> <span class='ocrx_word' id='word_1_97' title='bbox 478 3542 596 3616; x_wconf 88' lang='lat' dir='ltr'>virum</span> <span class='ocrx_word' id='word_1_98' title='bbox 615 3541 829 3638; x_wconf 82' lang='lat' dir='ltr'>cognomine</span> <span class='ocrx_word' id='word_1_99' title='bbox 847 3541 1023 3638; x_wconf 88' lang='lat' dir='ltr'>Magnum</span> 
     </span>
    </p>

    <p class='ocr_par' dir='ltr' id='par_1_14' title="bbox 242 3655 1108 3870">
     <span class='ocr_line' id='line_1_24' title="bbox 242 3655 1108 3750; baseline -0.002 -19"><span class='ocrx_word' id='word_1_100' title='bbox 242 3655 453 3750; x_wconf 81' lang='lat' dir='ltr'>Germanos,</span> <span class='ocrx_word' id='word_1_101' title='bbox 474 3656 595 3750; x_wconf 85' lang='lat' dir='ltr'>Italos,</span> <span class='ocrx_word' id='word_1_102' title='bbox 616 3657 778 3731; x_wconf 87' lang='lat' dir='ltr'>Francos</span> <span class='ocrx_word' id='word_1_103' title='bbox 795 3657 930 3731; x_wconf 85' lang='lat' dir='ltr'>virtute</span> <span class='ocrx_word' id='word_1_104' title='bbox 949 3655 1108 3731; x_wconf 88' lang='lat' dir='ltr'>secunda</span> 
     </span>
     <span class='ocr_line' id='line_1_25' title="bbox 339 3772 885 3870; baseline 0.002 -25"><span class='ocrx_word' id='word_1_105' title='bbox 339 3773 497 3870; x_wconf 88' lang='lat' dir='ltr'>Imperio</span> <span class='ocrx_word' id='word_1_106' title='bbox 516 3772 674 3848; x_wconf 87' lang='lat' dir='ltr'>sociasse</span> <span class='ocrx_word' id='word_1_107' title='bbox 694 3772 885 3865; x_wconf 80' lang='lat' dir='ltr'>Quiritum,</span> 
     </span>
    </p>

    <p class='ocr_par' dir='ltr' id='par_1_15' title="bbox 240 3885 1102 4097">
     <span class='ocr_line' id='line_1_26' title="bbox 240 3885 1102 3985; baseline 0 -24"><span class='ocrx_word' id='word_1_108' title='bbox 240 3885 426 3985; x_wconf 83' lang='lat' dir='ltr'>Europam</span> <span class='ocrx_word' id='word_1_109' title='bbox 444 3888 609 3963; x_wconf 87' lang='lat' dir='ltr'>turbasse</span> <span class='ocrx_word' id='word_1_110' title='bbox 627 3887 699 3984; x_wconf 82' lang='lat' dir='ltr'>diu,</span> <span class='ocrx_word' id='word_1_111' title='bbox 719 3887 881 3964; x_wconf 90' lang='lat' dir='ltr'>calcasse</span> <span class='ocrx_word' id='word_1_112' title='bbox 898 3898 1102 3985; x_wconf 85' lang='lat' dir='ltr'>tyrannum,</span> 
     </span>
     <span class='ocr_line' id='line_1_27' title="bbox 340 4002 923 4097; baseline 0 -19"><span class='ocrx_word' id='word_1_113' title='bbox 340 4003 456 4094; x_wconf 82' lang='lat' dir='ltr'>Quem</span> <span class='ocrx_word' id='word_1_114' title='bbox 475 4003 568 4078; x_wconf 88' lang='lat' dir='ltr'>tristi</span> <span class='ocrx_word' id='word_1_115' title='bbox 588 4002 687 4079; x_wconf 90' lang='lat' dir='ltr'>dedit</span> <span class='ocrx_word' id='word_1_116' title='bbox 703 4003 821 4078; x_wconf 92' lang='lat' dir='ltr'>insula</span> <span class='ocrx_word' id='word_1_117' title='bbox 838 4003 923 4097; x_wconf 83' lang='lat' dir='ltr'>fato,</span> 
     </span>
    </p>

    <p class='ocr_par' dir='ltr' id='par_1_16' title="bbox 241 4117 1112 4332">
     <span class='ocr_line' id='line_1_28' title="bbox 241 4117 1112 4217; baseline -0.001 -25"><span class='ocrx_word' id='word_1_118' title='bbox 241 4117 366 4194; x_wconf 88' lang='lat' dir='ltr'>Insula</span> <span class='ocrx_word' id='word_1_119' title='bbox 383 4146 489 4217; x_wconf 88' lang='lat' dir='ltr'>quem</span> <span class='ocrx_word' id='word_1_120' title='bbox 507 4119 625 4194; x_wconf 89' lang='lat' dir='ltr'>tenuit</span> <span class='ocrx_word' id='word_1_121' title='bbox 642 4119 744 4216; x_wconf 89' lang='lat' dir='ltr'>vigili</span> <span class='ocrx_word' id='word_1_122' title='bbox 761 4118 910 4195; x_wconf 86' lang='lat' dir='ltr'>custode</span> <span class='ocrx_word' id='word_1_123' title='bbox 928 4118 1112 4211; x_wconf 88' lang='lat' dir='ltr'>Britanno,</span> 
     </span>
     <span class='ocr_line' id='line_1_29' title="bbox 339 4234 863 4332; baseline 0.006 -25"><span class='ocrx_word' id='word_1_124' title='bbox 339 4235 388 4308; x_wconf 90' lang='lat' dir='ltr'>Ni</span> <span class='ocrx_word' id='word_1_125' title='bbox 408 4235 520 4310; x_wconf 91' lang='lat' dir='ltr'>simus</span> <span class='ocrx_word' id='word_1_126' title='bbox 537 4234 687 4310; x_wconf 87' lang='lat' dir='ltr'>rationis</span> <span class='ocrx_word' id='word_1_127' title='bbox 705 4245 863 4332; x_wconf 82' lang='lat' dir='ltr'>egentes,</span> 
     </span>
    </p>
   </div>
   <div class='ocr_carea' id='block_1_6' title="bbox 0 0 1525 4734">
    <p class='ocr_par' dir='ltr' id='par_1_17' title="bbox 0 0 1525 4734">
     <span class='ocr_line' id='line_1_30' title="bbox 0 0 1525 4734; baseline 0 0"><span class='ocrx_word' id='word_1_128' title='bbox 0 0 1525 4734; x_wconf 95' lang='lat' dir='ltr'> </span> 
     </span>
    </p>
   </div>
  </div>
 </body>
</html>
