2930 4734
155 217 209 274 ³9⁶
632 227 845 284 CARMINUM

255 413 332 511 (F.)
351 411 431 504 Qua
448 413 595 507 ratione,
615 435 723 508 soror,
744 415 861 512 poena
877 413 1025 489 tollatur
1043 413 1137 488 alius

156 527 292 605 Debita
308 555 425 626 poena
441 527 554 604 mihi?

255 645 336 734 (G.)
355 643 428 736 Qut
444 644 578 719 mundo
595 643 717 720 debita
734 671 852 742 poena

158 757 360 841 Poenarum
377 759 522 834 Domini
540 785 673 857 magna
689 759 822 836 uirtute
840 759 985 857 piatur?

158 875 288 952 Nonne
306 886 411 973 potes
428 873 594 972 precibus
610 875 767 950 medicas
785 875 996 971 extinguere
1013 874 1208 950 flammas?

160 991 211 1066 Et
228 1001 333 1088 potes
351 991 596 1066 aerumnis-
613 990 783 1088 tollisque
801 989 985 1065 dolorem?

160 1106 254 1182 Sunt
271 1105 368 1181 mala
384 1105 546 1204 perpessi
564 1105 682 1202 culpis
699 1105 867 1202 graviora
884 1105 999 1198 Beati,

157 1221 263 1298 Haec
281 1221 460 1318 graviora,
479 1246 586 1315 soror,
607 1220 798 1296 traduntur
816 1221 1015 1319 egentibus,
1036 1221 1125 1296 eheu

157 1335 238 1413 Nos
256 1337 373 1436 culpis
390 1335 527 1411 leviora
543 1336 629 1433 pati,
649 1337 899 1432 cognoscimus
917 1363 1051 1411 omncs

257 1453 328 1538 (F.)
346 1453 431 1527 Non
448 1453 595 1527 tradunt
614 1450 703 1548 aliis,
723 1478 817 1550 quae
834 1454 1075 1549 promeruere,
1095 1451 1210 1544 Beati,

159 1561 211 1643 Et
227 1594 367 1643 merces
384 1567 680 1666 major'graviore
699 1567 819 1642 dolore
837 1568 1000 1666 paraturi

258 1683 333 1773 (G.)
351 1683 523 1756 Proemeo
538 1709 610 1757 non
627 1683 783 1777 tradunt,
803 1710 895 1781 quae
912 1685 1140 1782 promeruere
1158 1681 1318 1778 dolores,

160 1797 248 1876 Una
265 1797 371 1873 datur
388 1798 502 1872 virtus
521 1797 658 1874 sociata
676 1798 859 1874 doloribus
876 1797 1063 1895 (inquam),

162 1913 264 2006 Quae
282 1913 434 1988 fratrum
451 1913 605 1988 redimat
622 1941 765 2012 poenas,
785 1915 841 1989 vis
860 1941 932 1989 una
949 1913 1083 2011 piandi.

158 2027 270 2105 ‘Flora
288 2055 372 2105 suos
390 2028 565 2105 Gemmae
583 2040 705 2126 posset
723 2029 855 2104 donare
873 2029 1023 2122 dolores,

160 2144 211 2218 Et
227 2171 309 2220 mea
326 2171 522 2242 poenarum
539 2145 766 2220 decresceret
782 2144 881 2248 illico
898 2143 1021 2220 melec.

159 2260 291 2336 Nonne
310 2260 502 2358 opulentus
519 2259 626 2335 homo
644 2259 799 2336 mendici
817 2260 939 2335 debita
955 2258 1076 2334 fratris

160 2373 327 2450 Reddere
344 2385 467 2473 posset
483 2374 525 2468 ei,
546 2375 607 2472 qui
624 2374 765 2449 fulvum
782 2374 934 2450 credidit
951 2377 1101 2449 aurum?

160 2489 291 2564 Nonne
309 2489 485 2586 Emerica,
504 2489 593 2564 mihi
611 2489 746 2563 dudum
765 2489 951 2564 carissima
968 2490 1080 2586 virge,

161 2607 317 2680 Atroces
335 2603 521 2680 hominum
538 2605 681 2680 morbos
699 2605 869 2680 assumsit
887 2617 924 2680 et
941 2606 1039 2704 aegri

160 2720 388 2796 Oonvaludre
406 2720 552 2796 statim?
569 2718 709 2794 Multas
725 2731 891 2817 grassata
908 2748 972 2818 per
989 2721 1096 2796 urbes

160 2834 302 2912 Passim
320 2836 397 2910 dira
414 2836 492 2910 lues
508 2835 630 2934 rapuit
641 2837 868 2934 juvenesque
887 2863 1077 2934 senesque:

160 2953 269 3026 Anna
286 2951 403 3026 Maria
414 2950 447 3049 ἥ)
466 2950 545 3025 Deo
563 2949 706 3048 fulgens
718 2950 945 3048 juvenilibus
962 2951 1064 3027 annis

160 3063 330 3141 Immolet
348 3093 392 3141 en
410 3067 535 3162 vitam,
553 3065 719 3162 placatur
737 3065 892 3142 vindicis
909 3067 973 3142 ira.

160 3181 291 3256 Nonne
309 3181 420 3256 etiam
437 3170 551 3256 morbi
569 3181 717 3270 (medici
735 3181 918 3256 fateantur
936 3183 1093 3279 oportet)

161 3296 413 3373 Protinus-hos
431 3308 530 3372 artus
547 3296 720 3395 relevant,
740 3297 891 3395 illosque
910 3297 1030 3373 dolore

159 3411 408 3488 Excruciant?
425 3412 601 3487 Homines
619 3412 725 3488 unius
743 3413 904 3510 corporis
922 3414 1037 3488 artusl

260 3527 329 3625 (F.)
349 3528 475 3622 Valde,
496 3527 660 3630 Gemma,
680 3528 836 3626 placent,
856 3555 948 3626 quae
965 3555 1059 3604 nunc
1077 3555 1115 3604 es
1133 3529 1246 3605 verba

153 3733 155 3738 ,
1163 3644 1334 3743 loquuta,

160 3754 362 3832 Poenarum
380 3758 523 3834 veniam
540 3757 695 3833 Domino
712 3757 903 3834 miserente
920 3786 1088 3856 rogemus

155 4066 478 4080 mm·

266 4245 295 4318 ⁴)
316 4247 349 4302 B.
369 4247 457 4302 Maria
474 4247 563 4300 Anna.
574 4245 608 4301 de
625 4246 744 4302 Parcdes
762 4264 778 4300 e
795 4245 889 4301 Floras
910 4246 931 4316 †
953 4245 1030 4302 1645.
