<?xml version="1.0" encoding="UTF-8"?>
<!DOCTYPE html PUBLIC "-//W3C//DTD XHTML 1.0 Transitional//EN"
    "http://www.w3.org/TR/xhtml1/DTD/xhtml1-transitional.dtd">
<html xmlns="http://www.w3.org/1999/xhtml" xml:lang="en" lang="en">
 <head>
  <title>
</title>
<meta http-equiv="Content-Type" content="text/html;charset=utf-8" />
  <meta name='ocr-system' content='tesseract 3.04.00' />
  <meta name='ocr-capabilities' content='ocr_page ocr_carea ocr_par ocr_line ocrx_word'/>
</head>
<body>
  <div class='ocr_page' id='page_1' title='image "./carminumlibrioc00schngoog_0338.png"; bbox 0 0 2972 4738; ppageno 0'>
   <div class='ocr_carea' id='block_1_1' title="bbox 532 187 849 284">
    <p class='ocr_par' dir='ltr' id='par_1_1' title="bbox 532 187 849 284">
     <span class='ocr_line' id='line_1_1' title="bbox 532 187 849 284; baseline 0 -3"><span class='ocrx_word' id='word_1_1' title='bbox 532 187 675 281; x_wconf 44' lang='lat' dir='ltr'>&#39;arnna</span> <span class='ocrx_word' id='word_1_2' title='bbox 703 227 849 284; x_wconf 83' lang='lat' dir='ltr'>snxrus</span> 
     </span>
    </p>
   </div>
   <div class='ocr_carea' id='block_1_2' title="bbox 100 411 1159 3749">
    <p class='ocr_par' dir='ltr' id='par_1_2' title="bbox 100 411 1159 1898">
     <span class='ocr_line' id='line_1_2' title="bbox 113 411 1111 512; baseline -0.002 -20"><span class='ocrx_word' id='word_1_3' title='bbox 113 416 239 492; x_wconf 81' lang='lat' dir='ltr'>Redde</span> <span class='ocrx_word' id='word_1_4' title='bbox 258 415 388 490; x_wconf 89' lang='lat' dir='ltr'>lubens</span> <span class='ocrx_word' id='word_1_5' title='bbox 406 439 569 512; x_wconf 91' lang='lat' dir='ltr'>puerum,</span> <span class='ocrx_word' id='word_1_6' title='bbox 590 439 697 510; x_wconf 90' lang='lat' dir='ltr'>quern</span> <span class='ocrx_word' id='word_1_7' title='bbox 716 413 819 487; x_wconf 88' lang='lat' dir='ltr'>nobis</span> <span class='ocrx_word' id='word_1_8' title='bbox 838 411 987 487; x_wconf 79' lang='lat' dir='ltr'>tradidit</span> <span class='ocrx_word' id='word_1_9' title='bbox 1004 413 1111 490; x_wconf 88' lang='lat' dir='ltr'>idem.</span> 
     </span>
     <span class='ocr_line' id='line_1_3' title="bbox 114 528 1017 626; baseline -0.004 -20"><span class='ocrx_word' id='word_1_10' title='bbox 114 531 289 608; x_wconf 88' lang='lat' dir='ltr'>Foederis</span> <span class='ocrx_word' id='word_1_11' title='bbox 308 529 500 604; x_wconf 79' lang='lat' dir='ltr'>haeredem</span> <span class='ocrx_word' id='word_1_12' title='bbox 522 529 642 626; x_wconf 77' lang='lat' dir='ltr'>(nosti)</span> <span class='ocrx_word' id='word_1_13' title='bbox 663 528 861 602; x_wconf 88' lang='lat' dir='ltr'>fidissimus</span> <span class='ocrx_word' id='word_1_14' title='bbox 879 529 1017 602; x_wconf 80' lang='lat' dir='ltr'>Abram</span> 
     </span>
     <span class='ocr_line' id='line_1_4' title="bbox 115 642 1117 745; baseline -0.003 -24"><span class='ocrx_word' id='word_1_15' title='bbox 115 647 200 745; x_wconf 91' lang='lat' dir='ltr'>Ipse</span> <span class='ocrx_word' id='word_1_16' title='bbox 219 673 285 720; x_wconf 90' lang='lat' dir='ltr'>sua</span> <span class='ocrx_word' id='word_1_17' title='bbox 302 657 462 719; x_wconf 89' lang='lat' dir='ltr'>mactare</span> <span class='ocrx_word' id='word_1_18' title='bbox 480 671 599 736; x_wconf 90' lang='lat' dir='ltr'>manu,</span> <span class='ocrx_word' id='word_1_19' title='bbox 621 642 725 741; x_wconf 83' lang='lat' dir='ltr'>pater</span> <span class='ocrx_word' id='word_1_20' title='bbox 743 643 831 740; x_wconf 89' lang='lat' dir='ltr'>ipse,</span> <span class='ocrx_word' id='word_1_21' title='bbox 847 643 1013 740; x_wconf 72' lang='lat' dir='ltr'>jubetur!</span> <span class='ocrx_word' id='word_1_22' title='bbox 1114 710 1117 718; x_wconf 90' lang='lat'>.</span> 
     </span>
     <span class='ocr_line' id='line_1_5' title="bbox 114 759 1121 858; baseline -0.001 -22"><span class='ocrx_word' id='word_1_23' title='bbox 114 762 318 836; x_wconf 77' lang='lat' dir='ltr'>&#39;Phariadae</span> <span class='ocrx_word' id='word_1_24' title='bbox 336 761 454 858; x_wconf 89' lang='lat' dir='ltr'>pietas</span> <span class='ocrx_word' id='word_1_25' title='bbox 473 759 620 856; x_wconf 89' lang='lat' dir='ltr'>longum</span> <span class='ocrx_word' id='word_1_26' title='bbox 639 760 873 832; x_wconf 89' lang='lat' dir='ltr'>memoranda</span> <span class='ocrx_word' id='word_1_27' title='bbox 891 787 954 857; x_wconf 90' lang='lat' dir='ltr'>per</span> <span class='ocrx_word' id='word_1_28' title='bbox 973 762 1121 835; x_wconf 78' lang='lat' dir='ltr'>aevum!</span> 
     </span>
     <span class='ocr_line' id='line_1_6' title="bbox 115 875 1080 972; baseline 0 -21"><span class='ocrx_word' id='word_1_29' title='bbox 115 877 201 952; x_wconf 88' lang='lat' dir='ltr'>Non</span> <span class='ocrx_word' id='word_1_30' title='bbox 219 877 320 958; x_wconf 83' lang='lat' dir='ltr'>Deus</span> <span class='ocrx_word' id='word_1_31' title='bbox 339 876 481 949; x_wconf 92' lang='lat' dir='ltr'>anobis</span> <span class='ocrx_word' id='word_1_32' title='bbox 499 875 588 950; x_wconf 87' lang='lat' dir='ltr'>haec</span> <span class='ocrx_word' id='word_1_33' title='bbox 606 901 756 955; x_wconf 89' lang='lat' dir='ltr'>munera</span> <span class='ocrx_word' id='word_1_34' title='bbox 774 887 877 949; x_wconf 85' lang='lat' dir='ltr'>tanta</span> <span class='ocrx_word' id='word_1_35' title='bbox 895 877 1080 972; x_wconf 79' lang='lat' dir='ltr'>poposcit!</span> 
     </span>
     <span class='ocr_line' id='line_1_7' title="bbox 116 992 1012 1090; baseline 0 -24"><span class='ocrx_word' id='word_1_36' title='bbox 116 994 265 1090; x_wconf 75' lang='lat' dir='ltr'>Tityrus</span> <span class='ocrx_word' id='word_1_37' title='bbox 284 1019 371 1067; x_wconf 87' lang='lat' dir='ltr'>ecee</span> <span class='ocrx_word' id='word_1_38' title='bbox 390 992 491 1066; x_wconf 82' lang='lat' dir='ltr'>brevi</span> <span class='ocrx_word' id='word_1_39' title='bbox 505 994 631 1090; x_wconf 87' lang='lat' dir='ltr'>jussus</span> <span class='ocrx_word' id='word_1_40' title='bbox 650 992 869 1067; x_wconf 86' lang='lat' dir='ltr'>decumbere</span> <span class='ocrx_word' id='word_1_41' title='bbox 887 993 1012 1067; x_wconf 93' lang='lat' dir='ltr'>morbo</span> 
     </span>
     <span class='ocr_line' id='line_1_8' title="bbox 117 1108 390 1200; baseline -0.011 -15"><span class='ocrx_word' id='word_1_42' title='bbox 117 1108 390 1200; x_wconf 76' lang='lat' dir='ltr'>Obdormiviti„</span> 
     </span>
     <span class='ocr_line' id='line_1_9' title="bbox 213 1222 1011 1321; baseline -0.004 -22"><span class='ocrx_word' id='word_1_43' title='bbox 213 1222 287 1321; x_wconf 81' lang='lat' dir='ltr'><strong>(D.)</strong></span> <span class='ocrx_word' id='word_1_44' title='bbox 309 1226 456 1319; x_wconf 80' lang='lat' dir='ltr'>“Amor,</span> <span class='ocrx_word' id='word_1_45' title='bbox 476 1223 831 1320; x_wconf 86' lang='lat' dir='ltr'>Mycon,·genitricis</span> <span class='ocrx_word' id='word_1_46' title='bbox 849 1223 1011 1298; x_wconf 90' lang='lat' dir='ltr'>abundat</span> 
     </span>
     <span class='ocr_line' id='line_1_10' title="bbox 117 1338 1159 1436; baseline 0 -24"><span class='ocrx_word' id='word_1_47' title='bbox 117 1339 259 1436; x_wconf 89' lang='lat' dir='ltr'>(Parce,</span> <span class='ocrx_word' id='word_1_48' title='bbox 278 1338 418 1436; x_wconf 89' lang='lat' dir='ltr'>precor)</span> <span class='ocrx_word' id='word_1_49' title='bbox 439 1339 575 1434; x_wconf 80' lang='lat' dir='ltr'>verbis3</span> <span class='ocrx_word' id='word_1_50' title='bbox 594 1339 680 1412; x_wconf 93' lang='lat' dir='ltr'>dum</span> <span class='ocrx_word' id='word_1_51' title='bbox 700 1339 820 1414; x_wconf 90' lang='lat' dir='ltr'>luctus</span> <span class='ocrx_word' id='word_1_52' title='bbox 838 1351 988 1436; x_wconf 88' lang='lat' dir='ltr'>pectora</span> <span class='ocrx_word' id='word_1_53' title='bbox 1006 1349 1159 1436; x_wconf 88' lang='lat' dir='ltr'>torquet,</span> 
     </span>
     <span class='ocr_line' id='line_1_11' title="bbox 116 1454 1059 1552; baseline -0.003 -22"><span class='ocrx_word' id='word_1_54' title='bbox 116 1455 201 1530; x_wconf 87' lang='lat' dir='ltr'>Non</span> <span class='ocrx_word' id='word_1_55' title='bbox 219 1481 362 1552; x_wconf 85' lang='lat' dir='ltr'>semper</span> <span class='ocrx_word' id='word_1_56' title='bbox 379 1455 514 1530; x_wconf 71' lang='lat' dir='ltr'>trutinat</span> <span class='ocrx_word' id='word_1_57' title='bbox 531 1455 709 1528; x_wconf 89' lang='lat' dir='ltr'>librantur</span> <span class='ocrx_word' id='word_1_58' title='bbox 728 1457 848 1546; x_wconf 86' lang='lat' dir='ltr'>verba,</span> <span class='ocrx_word' id='word_1_59' title='bbox 870 1455 933 1529; x_wconf 89' lang='lat' dir='ltr'>sed</span> <span class='ocrx_word' id='word_1_60' title='bbox 952 1454 1059 1530; x_wconf 79' lang='lat' dir='ltr'>exlex</span> 
     </span>
     <span class='ocr_line' id='line_1_12' title="bbox 120 1570 990 1667; baseline -0.002 -21"><span class='ocrx_word' id='word_1_61' title='bbox 120 1571 172 1646; x_wconf 90' lang='lat' dir='ltr'>Os</span> <span class='ocrx_word' id='word_1_62' title='bbox 190 1570 414 1667; x_wconf 78' lang='lat' dir='ltr'>loquitur-</span> <span class='ocrx_word' id='word_1_63' title='bbox 430 1571 508 1644; x_wconf 90' lang='lat' dir='ltr'>nati</span> <span class='ocrx_word' id='word_1_64' title='bbox 526 1597 612 1644; x_wconf 87' lang='lat' dir='ltr'>vero</span> <span class='ocrx_word' id='word_1_65' title='bbox 629 1570 836 1645; x_wconf 86' lang='lat' dir='ltr'>meminisse</span> <span class='ocrx_word' id='word_1_66' title='bbox 855 1570 990 1662; x_wconf 89' lang='lat' dir='ltr'>licebit,</span> 
     </span>
     <span class='ocr_line' id='line_1_13' title="bbox 100 1667 1031 1785; baseline -0.001 -23"><span class='ocrx_word' id='word_1_67' title='bbox 100 1727 102 1735; x_wconf 52' lang='lat'>2</span> <span class='ocrx_word' id='word_1_68' title='bbox 118 1687 170 1762; x_wconf 85' lang='lat' dir='ltr'>Et</span> <span class='ocrx_word' id='word_1_69' title='bbox 187 1697 324 1784; x_wconf 88' lang='lat' dir='ltr'>quanta</span> <span class='ocrx_word' id='word_1_70' title='bbox 334 1667 478 1784; x_wconf 43' lang='lat' dir='ltr'>&#39;pietate</span> <span class='ocrx_word' id='word_1_71' title='bbox 496 1686 615 1760; x_wconf 91' lang='lat' dir='ltr'>Deum</span> <span class='ocrx_word' id='word_1_72' title='bbox 634 1698 841 1785; x_wconf 86' lang='lat' dir='ltr'>quantaque</span> <span class='ocrx_word' id='word_1_73' title='bbox 859 1699 1031 1784; x_wconf 89' lang='lat' dir='ltr'>parentes</span> 
     </span>
     <span class='ocr_line' id='line_1_14' title="bbox 119 1802 889 1898; baseline 0.003 -22"><span class='ocrx_word' id='word_1_74' title='bbox 119 1802 233 1876; x_wconf 90' lang='lat' dir='ltr'>Nullo</span> <span class='ocrx_word' id='word_1_75' title='bbox 253 1803 453 1877; x_wconf 89' lang='lat' dir='ltr'>vincendus</span> <span class='ocrx_word' id='word_1_76' title='bbox 472 1802 563 1876; x_wconf 91' lang='lat' dir='ltr'>vitio</span> <span class='ocrx_word' id='word_1_77' title='bbox 580 1802 765 1898; x_wconf 72' lang='lat' dir='ltr'>dilexerit,</span> <span class='ocrx_word' id='word_1_78' title='bbox 778 1830 889 1889; x_wconf 84' lang='lat' dir='ltr'>¹ecee:</span> 
     </span>
    </p>

    <p class='ocr_par' dir='ltr' id='par_1_3' title="bbox 120 1904 1147 2943">
     <span class='ocr_line' id='line_1_15' title="bbox 121 1904 1073 2016; baseline 0.002 -25"><span class='ocrx_word' id='word_1_79' title='bbox 121 1904 295 1992; x_wconf 87' lang='lat' dir='ltr'>Nondum</span> <span class='ocrx_word' id='word_1_80' title='bbox 314 1919 367 1993; x_wconf 90' lang='lat' dir='ltr'>sol</span> <span class='ocrx_word' id='word_1_81' title='bbox 386 1919 508 2011; x_wconf 90' lang='lat' dir='ltr'>oritur,</span> <span class='ocrx_word' id='word_1_82' title='bbox 529 1919 657 2016; x_wconf 87' lang='lat' dir='ltr'>pernix</span> <span class='ocrx_word' id='word_1_83' title='bbox 676 1945 742 1993; x_wconf 89' lang='lat' dir='ltr'>sua</span> <span class='ocrx_word' id='word_1_84' title='bbox 760 1930 874 1993; x_wconf 91' lang='lat' dir='ltr'>strata</span> <span class='ocrx_word' id='word_1_85' title='bbox 890 1905 1073 2016; x_wconf 87' lang='lat' dir='ltr'>relinquit,</span> 
     </span>
     <span class='ocr_line' id='line_1_16' title="bbox 120 2034 1105 2132; baseline -0.001 -23"><span class='ocrx_word' id='word_1_86' title='bbox 120 2034 436 2132; x_wconf 79' lang='lat' dir='ltr'>Congeminatque</span> <span class='ocrx_word' id='word_1_87' title='bbox 448 2061 580 2132; x_wconf 89' lang='lat' dir='ltr'>preces</span> <span class='ocrx_word' id='word_1_88' title='bbox 597 2035 729 2110; x_wconf 89' lang='lat' dir='ltr'>tollens</span> <span class='ocrx_word' id='word_1_89' title='bbox 747 2034 793 2108; x_wconf 92' lang='lat' dir='ltr'>ad</span> <span class='ocrx_word' id='word_1_90' title='bbox 811 2035 930 2109; x_wconf 88' lang='lat' dir='ltr'>sidera</span> <span class='ocrx_word' id='word_1_91' title='bbox 949 2035 1105 2132; x_wconf 75' lang='lat' dir='ltr'>vuitum,</span> 
     </span>
     <span class='ocr_line' id='line_1_17' title="bbox 121 2149 967 2247; baseline -0.001 -22"><span class='ocrx_word' id='word_1_92' title='bbox 121 2151 283 2247; x_wconf 83' lang='lat' dir='ltr'>Impiger</span> <span class='ocrx_word' id='word_1_93' title='bbox 302 2149 348 2223; x_wconf 87' lang='lat' dir='ltr'>ad</span> <span class='ocrx_word' id='word_1_94' title='bbox 366 2149 493 2247; x_wconf 89' lang='lat' dir='ltr'>templi</span> <span class='ocrx_word' id='word_1_95' title='bbox 512 2149 692 2225; x_wconf 84' lang='lat' dir='ltr'>solemnes</span> <span class='ocrx_word' id='word_1_96' title='bbox 711 2149 859 2224; x_wconf 90' lang='lat' dir='ltr'>advolat</span> <span class='ocrx_word' id='word_1_97' title='bbox 878 2177 967 2243; x_wconf 78' lang='lat' dir='ltr'>arec,</span> 
     </span>
     <span class='ocr_line' id='line_1_18' title="bbox 120 2258 1147 2363; baseline 0.002 -23"><span class='ocrx_word' id='word_1_98' title='bbox 120 2265 274 2340; x_wconf 84' lang='lat' dir='ltr'>Gnavus</span> <span class='ocrx_word' id='word_1_99' title='bbox 292 2264 353 2339; x_wconf 92' lang='lat' dir='ltr'>ubi</span> <span class='ocrx_word' id='word_1_100' title='bbox 371 2277 497 2363; x_wconf 88' lang='lat' dir='ltr'>partae</span> <span class='ocrx_word' id='word_1_101' title='bbox 515 2277 667 2340; x_wconf 88' lang='lat' dir='ltr'>renovat</span> <span class='ocrx_word' id='word_1_102' title='bbox 685 2278 918 2340; x_wconf 88' lang='lat' dir='ltr'>monumenta</span> <span class='ocrx_word' id='word_1_103' title='bbox 935 2265 1063 2342; x_wconf 78' lang='lat' dir='ltr'>salutis</span> <span class='ocrx_word' id='word_1_104' title='bbox 1145 2258 1147 2262; x_wconf 10' lang='grc' dir='ltr'><em>Α</em></span> 
     </span>
     <span class='ocr_line' id='line_1_19' title="bbox 122 2381 1053 2478; baseline 0.002 -24"><span class='ocrx_word' id='word_1_105' title='bbox 122 2381 304 2478; x_wconf 80' lang='lat' dir='ltr'>Thyrsus;</span> <span class='ocrx_word' id='word_1_106' title='bbox 324 2408 430 2477; x_wconf 86' lang='lat' dir='ltr'>opem</span> <span class='ocrx_word' id='word_1_107' title='bbox 449 2391 580 2456; x_wconf 88' lang='lat' dir='ltr'>nactus</span> <span class='ocrx_word' id='word_1_108' title='bbox 600 2381 758 2478; x_wconf 88' lang='lat' dir='ltr'>supremi</span> <span class='ocrx_word' id='word_1_109' title='bbox 777 2382 944 2474; x_wconf 91' lang='lat' dir='ltr'>numinis,</span> <span class='ocrx_word' id='word_1_110' title='bbox 966 2409 1053 2458; x_wconf 86' lang='lat' dir='ltr'>ecce</span> 
     </span>
     <span class='ocr_line' id='line_1_20' title="bbox 123 2489 1010 2595; baseline 0 -24"><span class='ocrx_word' id='word_1_111' title='bbox 123 2497 224 2571; x_wconf 88' lang='lat' dir='ltr'>Rura</span> <span class='ocrx_word' id='word_1_112' title='bbox 241 2489 331 2572; x_wconf 78' lang='lat' dir='ltr'>colit</span> <span class='ocrx_word' id='word_1_113' title='bbox 349 2497 512 2594; x_wconf 89' lang='lat' dir='ltr'>pascitve</span> <span class='ocrx_word' id='word_1_114' title='bbox 530 2524 670 2594; x_wconf 83' lang='lat' dir='ltr'>greges,</span> <span class='ocrx_word' id='word_1_115' title='bbox 691 2524 875 2595; x_wconf 89' lang='lat' dir='ltr'>parvoque</span> <span class='ocrx_word' id='word_1_116' title='bbox 894 2499 1010 2572; x_wconf 91' lang='lat' dir='ltr'>salino</span> 
     </span>
     <span class='ocr_line' id='line_1_21' title="bbox 123 2611 1122 2714; baseline 0 -26"><span class='ocrx_word' id='word_1_117' title='bbox 123 2611 328 2688; x_wconf 78' lang='lat' dir='ltr'>Contentus</span> <span class='ocrx_word' id='word_1_118' title='bbox 347 2611 467 2708; x_wconf 86' lang='lat' dir='ltr'>lepido</span> <span class='ocrx_word' id='word_1_119' title='bbox 485 2624 625 2688; x_wconf 89' lang='lat' dir='ltr'>recreat</span> <span class='ocrx_word' id='word_1_120' title='bbox 644 2640 808 2688; x_wconf 89' lang='lat' dir='ltr'>sermone</span> <span class='ocrx_word' id='word_1_121' title='bbox 828 2613 981 2710; x_wconf 86' lang='lat' dir='ltr'>sodales,</span> <span class='ocrx_word' id='word_1_122' title='bbox 1102 2619 1122 2714; x_wconf 53' lang='lat' dir='ltr'>J</span> 
     </span>
     <span class='ocr_line' id='line_1_22' title="bbox 124 2727 1046 2826; baseline -0.001 -22"><span class='ocrx_word' id='word_1_123' title='bbox 124 2728 228 2804; x_wconf 85' lang='lat' dir='ltr'>Voce</span> <span class='ocrx_word' id='word_1_124' title='bbox 247 2739 376 2826; x_wconf 89' lang='lat' dir='ltr'>potens</span> <span class='ocrx_word' id='word_1_125' title='bbox 393 2755 538 2803; x_wconf 90' lang='lat' dir='ltr'>carmen</span> <span class='ocrx_word' id='word_1_126' title='bbox 556 2728 656 2803; x_wconf 90' lang='lat' dir='ltr'>tenui</span> <span class='ocrx_word' id='word_1_127' title='bbox 674 2727 881 2802; x_wconf 87' lang='lat' dir='ltr'>modulatur</span> <span class='ocrx_word' id='word_1_128' title='bbox 900 2756 1026 2804; x_wconf 87' lang='lat' dir='ltr'>avena.</span> <span class='ocrx_word' id='word_1_129' title='bbox 1044 2759 1046 2762; x_wconf 91' lang='lat'>·</span> 
     </span>
     <span class='ocr_line' id='line_1_23' title="bbox 124 2844 935 2943; baseline 0 -25"><span class='ocrx_word' id='word_1_130' title='bbox 124 2844 283 2942; x_wconf 88' lang='lat' dir='ltr'>Imperio</span> <span class='ocrx_word' id='word_1_131' title='bbox 301 2845 443 2943; x_wconf 87' lang='lat' dir='ltr'>pollens</span> <span class='ocrx_word' id='word_1_132' title='bbox 461 2845 536 2919; x_wconf 89' lang='lat' dir='ltr'>irae</span> <span class='ocrx_word' id='word_1_133' title='bbox 553 2850 784 2943; x_wconf 85' lang='lat' dir='ltr'>compescere</span> <span class='ocrx_word' id='word_1_134' title='bbox 801 2845 935 2919; x_wconf 88' lang='lat' dir='ltr'>fluetus</span> 
     </span>
    </p>

    <p class='ocr_par' dir='ltr' id='par_1_4' title="bbox 125 2959 1109 3290">
     <span class='ocr_line' id='line_1_24' title="bbox 125 2959 1060 3058; baseline 0 -24"><span class='ocrx_word' id='word_1_135' title='bbox 125 2960 213 3034; x_wconf 88' lang='lat' dir='ltr'>Tiro</span> <span class='ocrx_word' id='word_1_136' title='bbox 230 2959 346 3036; x_wconf 91' lang='lat' dir='ltr'>bonus</span> <span class='ocrx_word' id='word_1_137' title='bbox 365 2961 499 3054; x_wconf 86' lang='lat' dir='ltr'>didicit,</span> <span class='ocrx_word' id='word_1_138' title='bbox 519 2960 732 3058; x_wconf 86' lang='lat' dir='ltr'>miserisque</span> <span class='ocrx_word' id='word_1_139' title='bbox 750 2960 876 3035; x_wconf 84' lang='lat' dir='ltr'>afferre</span> <span class='ocrx_word' id='word_1_140' title='bbox 895 2960 1060 3036; x_wconf 88' lang='lat' dir='ltr'>levamen</span> 
     </span>
     <span class='ocr_line' id='line_1_25' title="bbox 126 3075 1109 3182; baseline 0.002 -32"><span class='ocrx_word' id='word_1_141' title='bbox 126 3075 317 3152; x_wconf 88' lang='lat' dir='ltr'>Hostibus.</span> <span class='ocrx_word' id='word_1_142' title='bbox 336 3077 396 3151; x_wconf 86' lang='lat' dir='ltr'>Ad</span> <span class='ocrx_word' id='word_1_143' title='bbox 415 3076 578 3182; x_wconf 83' lang='lat' dir='ltr'>citharae</span> <span class='ocrx_word' id='word_1_144' title='bbox 595 3103 764 3151; x_wconf 91' lang='lat' dir='ltr'>numeros</span> <span class='ocrx_word' id='word_1_145' title='bbox 783 3077 931 3151; x_wconf 82' lang='lat' dir='ltr'>duxisse</span> <span class='ocrx_word' id='word_1_146' title='bbox 948 3077 1109 3170; x_wconf 71' lang='lat' dir='ltr'>choreas</span> 
     </span>
     <span class='ocr_line' id='line_1_26' title="bbox 127 3190 933 3290; baseline 0.004 -26"><span class='ocrx_word' id='word_1_147' title='bbox 127 3190 329 3268; x_wconf 88' lang='lat' dir='ltr'>Incaluisse</span> <span class='ocrx_word' id='word_1_148' title='bbox 347 3219 458 3289; x_wconf 92' lang='lat' dir='ltr'>mero,</span> <span class='ocrx_word' id='word_1_149' title='bbox 477 3204 622 3267; x_wconf 88' lang='lat' dir='ltr'>teneras</span> <span class='ocrx_word' id='word_1_150' title='bbox 640 3192 772 3267; x_wconf 83' lang='lat' dir='ltr'>arsisse</span> <span class='ocrx_word' id='word_1_151' title='bbox 791 3191 933 3290; x_wconf 88' lang='lat' dir='ltr'>puellas</span> 
     </span>
    </p>

    <p class='ocr_par' dir='ltr' id='par_1_5' title="bbox 127 3307 1107 3749">
     <span class='ocr_line' id='line_1_27' title="bbox 128 3307 1069 3408; baseline 0.003 -27"><span class='ocrx_word' id='word_1_152' title='bbox 128 3307 220 3398; x_wconf 82' lang='lat' dir='ltr'>Quis</span> <span class='ocrx_word' id='word_1_153' title='bbox 238 3309 435 3383; x_wconf 84' lang='lat' dir='ltr'>contendat</span> <span class='ocrx_word' id='word_1_154' title='bbox 452 3311 558 3383; x_wconf 85' lang='lat' dir='ltr'>eum?</span> <span class='ocrx_word' id='word_1_155' title='bbox 576 3308 699 3382; x_wconf 88' lang='lat' dir='ltr'>Furvo</span> <span class='ocrx_word' id='word_1_156' title='bbox 716 3308 943 3384; x_wconf 88' lang='lat' dir='ltr'>circumdata</span> <span class='ocrx_word' id='word_1_157' title='bbox 960 3309 1069 3408; x_wconf 88' lang='lat' dir='ltr'>peplo</span> 
     </span>
     <span class='ocr_line' id='line_1_28' title="bbox 127 3423 1097 3522; baseline 0.002 -25"><span class='ocrx_word' id='word_1_158' title='bbox 127 3423 214 3498; x_wconf 86' lang='lat' dir='ltr'>Nox</span> <span class='ocrx_word' id='word_1_159' title='bbox 231 3423 340 3499; x_wconf 91' lang='lat' dir='ltr'>redit:</span> <span class='ocrx_word' id='word_1_160' title='bbox 358 3423 421 3498; x_wconf 90' lang='lat' dir='ltr'>ille</span> <span class='ocrx_word' id='word_1_161' title='bbox 438 3451 535 3521; x_wconf 88' lang='lat' dir='ltr'>genu</span> <span class='ocrx_word' id='word_1_162' title='bbox 553 3424 680 3517; x_wconf 90' lang='lat' dir='ltr'>flectit,</span> <span class='ocrx_word' id='word_1_163' title='bbox 700 3424 938 3521; x_wconf 88' lang='lat' dir='ltr'>manibusque</span> <span class='ocrx_word' id='word_1_164' title='bbox 957 3424 1097 3522; x_wconf 88' lang='lat' dir='ltr'>supinis</span> 
     </span>
     <span class='ocr_line' id='line_1_29' title="bbox 129 3539 1107 3638; baseline 0 -24"><span class='ocrx_word' id='word_1_165' title='bbox 129 3539 248 3614; x_wconf 86' lang='lat' dir='ltr'>Oorde</span> <span class='ocrx_word' id='word_1_166' title='bbox 266 3539 368 3614; x_wconf 89' lang='lat' dir='ltr'>canit</span> <span class='ocrx_word' id='word_1_167' title='bbox 386 3539 602 3637; x_wconf 89' lang='lat' dir='ltr'>veniamque</span> <span class='ocrx_word' id='word_1_168' title='bbox 619 3551 736 3636; x_wconf 87' lang='lat' dir='ltr'>rogat,</span> <span class='ocrx_word' id='word_1_169' title='bbox 755 3539 923 3638; x_wconf 88' lang='lat' dir='ltr'>lassoque</span> <span class='ocrx_word' id='word_1_170' title='bbox 941 3567 1107 3638; x_wconf 86' lang='lat' dir='ltr'>soporem</span> 
     </span>
     <span class='ocr_line' id='line_1_30' title="bbox 131 3653 428 3749; baseline -0.007 -19"><span class='ocrx_word' id='word_1_171' title='bbox 131 3653 255 3731; x_wconf 84' lang='lat' dir='ltr'>Strata</span> <span class='ocrx_word' id='word_1_172' title='bbox 273 3655 428 3749; x_wconf 71' lang='lat' dir='ltr'>ferunt,</span> 
     </span>
    </p>
   </div>
   <div class='ocr_carea' id='block_1_3' title="bbox 58 3770 1090 4340">
    <p class='ocr_par' dir='ltr' id='par_1_6' title="bbox 58 3770 1090 4340">
     <span class='ocr_line' id='line_1_31' title="bbox 229 3770 992 3871; baseline 0.004 -26"><span class='ocrx_word' id='word_1_173' title='bbox 229 3770 309 3870; x_wconf 85' lang='lat' dir='ltr'>(M.)</span> <span class='ocrx_word' id='word_1_174' title='bbox 330 3770 475 3847; x_wconf 87' lang='lat' dir='ltr'>“Mater</span> <span class='ocrx_word' id='word_1_175' title='bbox 492 3771 621 3847; x_wconf 90' lang='lat' dir='ltr'>tribuit</span> <span class='ocrx_word' id='word_1_176' title='bbox 632 3772 839 3871; x_wconf 87' lang='lat' dir='ltr'>justissima</span> <span class='ocrx_word' id='word_1_177' title='bbox 856 3773 992 3867; x_wconf 76' lang='lat' dir='ltr'>laudea,</span> 
     </span>
     <span class='ocr_line' id='line_1_32' title="bbox 130 3885 1090 3985; baseline 0.005 -24"><span class='ocrx_word' id='word_1_178' title='bbox 130 3885 276 3962; x_wconf 87' lang='lat' dir='ltr'>Laudes</span> <span class='ocrx_word' id='word_1_179' title='bbox 295 3888 388 3962; x_wconf 90' lang='lat' dir='ltr'>addo</span> <span class='ocrx_word' id='word_1_180' title='bbox 406 3913 522 3964; x_wconf 87' lang='lat' dir='ltr'>novas</span> <span class='ocrx_word' id='word_1_181' title='bbox 540 3889 691 3985; x_wconf 88' lang='lat' dir='ltr'>genitor,</span> <span class='ocrx_word' id='word_1_182' title='bbox 712 3916 779 3964; x_wconf 90' lang='lat' dir='ltr'>nec</span> <span class='ocrx_word' id='word_1_183' title='bbox 800 3890 935 3984; x_wconf 87' lang='lat' dir='ltr'>stultus</span> <span class='ocrx_word' id='word_1_184' title='bbox 954 3890 1090 3984; x_wconf 89' lang='lat' dir='ltr'>adulor,</span> 
     </span>
     <span class='ocr_line' id='line_1_33' title="bbox 131 4003 939 4104; baseline 0.002 -24"><span class='ocrx_word' id='word_1_185' title='bbox 131 4003 229 4080; x_wconf 83' lang='lat' dir='ltr'>Cara</span> <span class='ocrx_word' id='word_1_186' title='bbox 246 4004 324 4080; x_wconf 88' lang='lat' dir='ltr'>dies</span> <span class='ocrx_word' id='word_1_187' title='bbox 341 4004 488 4080; x_wconf 91' lang='lat' dir='ltr'>Domini</span> <span class='ocrx_word' id='word_1_188' title='bbox 507 4032 620 4104; x_wconf 89' lang='lat' dir='ltr'>puero</span> <span class='ocrx_word' id='word_1_189' title='bbox 638 4005 767 4102; x_wconf 88' lang='lat' dir='ltr'>regina</span> <span class='ocrx_word' id='word_1_190' title='bbox 784 4005 939 4082; x_wconf 90' lang='lat' dir='ltr'>dierum:</span> 
     </span>
     <span class='ocr_line' id='line_1_34' title="bbox 58 4119 1014 4218; baseline 0.003 -22"><span class='ocrx_word' id='word_1_191' title='bbox 58 4131 62 4138; x_wconf 87' lang='grc'><em>’</em></span> <span class='ocrx_word' id='word_1_192' title='bbox 131 4119 281 4196; x_wconf 79' lang='lat' dir='ltr'>Gaudet</span> <span class='ocrx_word' id='word_1_193' title='bbox 299 4147 423 4218; x_wconf 84' lang='lat' dir='ltr'>ovans,</span> <span class='ocrx_word' id='word_1_194' title='bbox 441 4121 559 4197; x_wconf 92' lang='lat' dir='ltr'>nitido</span> <span class='ocrx_word' id='word_1_195' title='bbox 576 4120 858 4197; x_wconf 87' lang='lat' dir='ltr'>circumvelatur</span> <span class='ocrx_word' id='word_1_196' title='bbox 875 4122 1014 4199; x_wconf 87' lang='lat' dir='ltr'>amictu</span> 
     </span>
     <span class='ocr_line' id='line_1_35' title="bbox 132 4236 1005 4340; baseline 0.003 -31"><span class='ocrx_word' id='word_1_197' title='bbox 132 4236 293 4335; x_wconf 87' lang='lat' dir='ltr'>Tityrus,</span> <span class='ocrx_word' id='word_1_198' title='bbox 314 4237 516 4334; x_wconf 88' lang='lat' dir='ltr'>ingreditur</span> <span class='ocrx_word' id='word_1_199' title='bbox 534 4239 628 4314; x_wconf 89' lang='lat' dir='ltr'>sacri</span> <span class='ocrx_word' id='word_1_200' title='bbox 646 4238 850 4338; x_wconf 88' lang='lat' dir='ltr'>penetralia</span> <span class='ocrx_word' id='word_1_201' title='bbox 866 4239 1005 4340; x_wconf 85' lang='lat' dir='ltr'>templi,</span> 
     </span>
    </p>
   </div>
   <div class='ocr_carea' id='block_1_4' title="bbox 0 0 1515 4738">
    <p class='ocr_par' dir='ltr' id='par_1_7' title="bbox 0 0 1515 4738">
     <span class='ocr_line' id='line_1_36' title="bbox 0 0 1515 4738; baseline 0 0"><span class='ocrx_word' id='word_1_202' title='bbox 0 0 1515 4738; x_wconf 95' lang='lat' dir='ltr'> </span> 
     </span>
    </p>
   </div>
  </div>
 </body>
</html>
