3040 4732
619 257 739 314 LIBER
766 257 926 314 PRIMUS.

345 441 457 518 Urbis
474 455 642 519 aeternae
659 469 823 520 reverere
840 444 950 520 fata...

344 558 470 636 Donec
488 559 525 633 in
544 558 647 635 coelo
662 557 818 635 radiabit
834 559 938 657 ignis,
979 555 984 568 '

344 673 462 749 Roma
478 672 655 771 regnabit,
674 671 869 770 reducique
886 674 1007 750 tradet

832 787 987 887 Sceptra
1003 789 1142 869 Datori.

687 1201 789 1278 ODE
816 1203 864 1277 ΙΙ.

564 1367 570 1382 ’
702 1423 842 1499 urar.

394 1643 476 1711 neus,
494 1645 615 1712 psallam
633 1645 683 1698 titi
701 1648 732 1698 iu
749 1646 864 1699 cithara.
886 1643 1001 1715 (Psalm.
1022 1647 1064 1716 70,
1084 1647 1142 1718 22).

236 1837 291 1914 Te
308 1865 450 1938 semper
465 1839 597 1915 fidibus
616 1839 799 1916 celebrare
817 1841 1062 1940 strepentibus
1079 1868 1191 1920 unum

336 1953 392 2032 Sit
409 1955 515 2031 dulce
532 1955 616 2049 filio,
637 1955 767 2030 Pater!

235 2071 355 2148 Dente
372 2071 560 2148 Theonino
578 2071 715 2148 laceret
731 2098 813 2147 mea
831 2072 995 2148 carmina
1013 2100 1151 2169 censor,

334 2187 373 2264 Si
391 2187 450 2263 cui
468 2187 621 2262 movebo
638 2186 775 2263 taedia:

233 2302 357 2380 Altius
374 2303 420 2379 ad
439 2301 596 2400 Superos
613 2301 733 2400 rapiar
750 2302 973 2401 fugientibus
991 2304 1066 2398 alis,

332 2418 437 2495 Haec
456 2418 529 2492 ima
545 2443 617 2493 non
634 2417 782 2516 placent
799 2418 891 2494 loca.

233 2535 288 2612 Ut
305 2534 364 2633 qui
382 2535 520 2610 divitiis
538 2533 665 2610 haeres
682 2533 840 2631 potietur
858 2534 996 2631 opimis,

329 2650 455 2728 Noctu
473 2648 606 2750 diuque
623 2649 768 2747 copiam

231 2766 414 2843 Aestimat
431 2766 580 2864 argenti,
601 2765 791 2863 verbisque
808 2765 1057 2864 frequentibus
1075 2767 1171 2844 alma

330 2881 433 2957 Haec
452 2882 547 2957 dona
563 2881 729 2957 fortunae
747 2881 893 2980 probat:

232 2997 293 3074 Sic
313 3024 390 3096 ego,
411 2997 472 3096 qui
490 2997 581 3072 coeli
599 2996 779 3072 radiantia
795 3007 896 3072 tecta
912 2997 1048 3092 subibo,

295 3201 299 3209 Ι
327 3111 466 3188 Voluto
481 3111 671 3188 thesauros
688 3111 767 3206 Dei,

228 3227 292 3324 Et,
311 3253 403 3327 quae
421 3254 483 3303 cor
501 3237 702 3325 penetrant,
722 3228 945 3303 sermonibus
964 3255 1091 3305 exsero
1109 3227 1234 3304 multis
1246 3269 1296 3284 -

327 3345 441 3420 Amor
458 3343 563 3420 silere
581 3371 639 3420 me
657 3354 769 3419 vetat.

227 3459 392 3536 Venator
409 3459 559 3557 lepores,
580 3459 739 3556 piscator
756 3459 857 3554 retia,
878 3470 1002 3558 pastor

327 3575 479 3674 Semper
495 3573 654 3673 capellas
671 3574 870 3674 praedicat:

225 3690 358 3766 Nonne
375 3691 584 3767 sacerdotes
600 3702 718 3767 terrae
734 3701 946 3768 connectere
965 3692 1107 3768 coelum

324 3806 440 3883 Decet
457 3806 562 3882 suavi
579 3806 752 3888 foedere?
1050 3811 1052 3816 ’

224 3920 363 4020 Aspice
381 3932 611 4021 suggestus...
630 3921 716 4020 quid
733 3920 783 3996 ibi
801 3922 870 3997 nisi
887 3933 968 3999 tuta
985 3924 1142 4018 docetur,

324 4037 426 4129 Quae
444 4037 561 4113 tendit
578 4037 623 4114 ad
642 4038 797 4133 Patrem,
818 4039 906 4114 via?

223 4155 302 4228 Aut
320 4179 400 4228 aras
417 4153 592 4230 meditare
609 4179 759 4229 novas...
779 4180 888 4251 quam
907 4181 1015 4254 saepe
1033 4154 1186 4230 ministri

322 4269 436 4344 Manu
453 4268 660 4344 immolatur
678 4268 850 4344 victimat
