2968 4732
575 251 700 324 ,mann
733 251 900 319 enimes

343 442 519 515 Innocens
537 465 608 512 nen
626 463 715 531 sum,
737 465 801 512 sua
821 447 999 536 qnemque
1018 447 1127 511 vexat

342 557 463 655 Culpa
479 553 678 648 mortalem,
700 552 886 630 subeunde
904 553 1007 627 nobis

343 672 466 746 Poena
483 668 617 762 delicti,
637 668 819 744 medicina
835 668 999 742 morbum

730 784 842 858 Tollit
861 785 994 859 amara.

340 1017 399 1091 En
411 1018 502 1115 jugo
520 1016 633 1115 pressi
651 1017 817 1114 graviore
835 1016 1010 1113 languent

340 1131 491 1208 Plurimi
509 1133 646 1225 fratres,
667 1133 772 1208 decet
791 1158 868 1207 esse
886 1132 1013 1206 fortem

340 1248 401 1323 Me
420 1249 652 1344 sacerdotem,
671 1249 733 1344 pia
750 1248 861 1322 verba
879 1274 1020 1343 semper

729 1363 846 1437 Facta
864 1375 1071 1460 sequantur.

340 1595 507 1672 Christus
525 1597 699 1670 immanes
718 1595 807 1669 adiit
825 1594 973 1687 dolores,

339 1712 426 1786 Non
441 1738 501 1786 ero
519 1712 589 1786 tire
607 1711 725 1808 potior
743 1710 925 1808 magistre,

339 1827 399 1901 Ad
417 1827 511 1902 fores
530 1827 623 1901 coeli
642 1827 702 1901 via
719 1853 784 1900 nos
802 1826 915 1899 ituros

726 1942 869 2037 Aspera
887 1939 995 2014 ducit.

638 2251 742 2328 ODE
768 2250 836 2326 ΠΙ.

562 2431 722 2506 SERMO
749 2429 914 2505 SAGER.

382 2608 550 2674 Sufficientia
568 2614 663 2661 nostra
681 2625 714 2660 ex
732 2607 790 2661 Dec
809 2615 853 2661 ect.
875 2609 904 2678 (2
924 2607 981 2662 Cor.
1001 2607 1035 2676 3,
1054 2607 1089 2677 5).

339 2759 488 2857 Clangit
504 2761 596 2854 nola,
617 2787 762 2836 vocor...
782 2773 822 2836 tu
840 2761 991 2836 benedic
1010 2761 1109 2852 mihi,

337 2874 362 2948 J
365 2902 428 2949 esu
446 2874 608 2951 Christe!
627 2886 728 2951 tuam
746 2876 919 2951 sollicitus
937 2903 1083 2951 crucem

338 2991 560 3088 Amplector,
580 2992 699 3066 radios
717 2992 821 3068 mitte
842 2992 995 3090 (precer)
1015 3003 1107 3084 tuos,

437 3107 507 3198 Qui
525 3106 664 3205 pellant
681 3108 851 3182 tenebras
869 3135 979 3183 meas.

340 3336 495 3436 indigne
512 3338 646 3413 famulo
665 3338 711 3412 da
728 3339 953 3437 sapientiam,

322 3450 388 3527 ‘Ni
407 3453 502 3528 vires
521 3481 640 3547 acuas,
660 3455 817 3552 pondere
836 3454 1026 3552 deprimor,

339 3568 392 3644 Ut
410 3569 537 3644 fratres
555 3570 714 3662 doceam,
735 3597 793 3644 me
811 3570 959 3645 doceam
978 3570 1086 3667 priua,
1223 3611 1224 3618 1

436 3685 532 3759 Nam
550 3712 698 3760 coecum
717 3685 862 3783 fugiunt
880 3686 1017 3760 ducem.

338 3913 396 3990 Ne
415 3914 539 3988 laudes
556 3915 710 4012 cupiam,
730 3943 808 3990 sum
827 3914 1006 4006 minimus,
1027 3942 1125 4009 cave,
1223 3950 1227 3958 ·

339 4030 395 4104 Ne
414 4030 551 4105 multus
570 4031 694 4106 videar
711 4031 804 4105 mole
823 4031 1005 4123 scientiae,

340 4145 433 4220 Sunt
450 4155 575 4243 guttae
594 4145 726 4244 pelagi,
745 4173 837 4244 quae
856 4146 976 4239 didici,
996 4157 1106 4220 ruunt

437 4261 546 4337 Duris
564 4273 670 4358 parta
688 4261 881 4338 laboribus.
