2972 4738
578 219 790 278 GARMINUM

259 407 407 484 Exto'lle
423 435 555 484 numen
571 408 749 505 laudibus,
768 409 896 485 uberes

247 522 430 599 ¹Persolve
447 534 578 620 grates,
599 524 751 599 crimina
767 523 937 622 lacrymis

357 639 517 737 Deterge
533 639 658 736 plebis,
677 640 786 716 tende
804 639 953 738 palmas,

405 754 529 830 Mente
547 754 608 852 pia
625 754 969 862 meditaretcoelum.

259 984 363 1060 Haec
383 1011 484 1060 sacra
502 996 687 1084 praestant
706 985 779 1061 etia
796 986 927 1062 millies

259 1099 378 1198 Nugis
395 1100 564 1198 profanis,
584 1127 628 1176 en
644 1099 797 1198 pedibus
814 1112 982 1200 premunt

357 1215 530 1312 Lapsura,
551 1242 640 1314 quos
658 1227 804 1292 aeterna
819 1216 988 1311 mulcent,

405 1330 475 1406 Est
492 1331 660 1428 precibus
677 1358 797 1407 comes
815 1332 910 1408 alma
927 1333 1017 1408 fusis

176 1621 178 1626 .
261 1563 415 1636 Annexa
433 1561 557 1653 virtus,
578 1587 661 1637 ecce
678 1561 796 1637 virum
808 1562 928 1655 decet,

262 1676 363 1769 Quae
380 1676 516 1774 grande
534 1676 668 1752 dudum
686 1697 815 1753 nomen
834 1678 943 1754 habet
960 1678 1042 1776 viri3

358 1792 438 1884 Dic,
459 1793 602 1891 quande
620 1794 842 1868 sanabuntur
860 1794 968 1891 aegri,

409 1907 448 1984 Si
464 1907 597 1984 medici
614 1908 703 1984 vitio
721 1908 884 1986 laborent

264 2135 401 2212 Omnes
417 2136 567 2213 eodem?
583 2137 681 2211 Num
699 2137 837 2235 glacies
855 2138 920 2212 alit
1037 2219 1040 2229 y

263 2251 443 2328 Concreta
459 2251 644 2328 flammas?
661 2253 721 2327 An
739 2252 876 2329 Boreae
893 2279 992 2329 rosas

361 2365 534 2466 Sparsbre
550 2368 700 2444 molles?
718 2367 775 2444 Sit
791 2367 936 2444 tuorum

409 2482 505 2558 Cara
522 2483 628 2577 salus,
648 2484 737 2560 rude
754 2484 887 2583 vulgus
905 2513 977 2560 una

264 2715 353 2791 Vita
365 2716 522 2792 'ministri
539 2743 647 2816 saepe
664 2717 772 2794 fidem
789 2719 928 2818 probat,

264 2831 382 2930 Tarde
399 2843 591 2930 resurgunt
609 2843 723 2909 strata
740 2832 941 2909 celerrime!

361 2947 413 3023 Es
430 2959 562 3046 pastor,
583 2959 620 3023 et
636 2949 808 3047 praedam
827 2949 993 3047 luporum

410 3063 539 3138 Pastor
552 3087 660 3139 'ovem
679 3074 819 3163 repetet
836 3090 1036 3163 supremus.

203 3345 206 3352 ,
267 3289 360 3367 Sunt
376 3291 518 3367 caritati
536 3291 653 3368 fulcra
670 3293 855 3369 scientiae:

267 3404 305 3481 Si
323 3431 442 3505 pauca
459 3408 593 3484 scimus
611 3407 754 3507 (crede),
772 3409 855 3486 licet
872 3408 933 3483 diu

362 3521 483 3598 Libris
501 3549 679 3618 vacemus,
699 3552 771 3623 qua
788 3525 926 3600 laboret

412 3637 577 3714 Stultitia
594 3640 718 3738 piger?
734 3643 795 3715 An
812 3641 968 3739 sagittae

267 3869 387 3946 Ictum
403 3870 582 3967 retundat,
602 3871 663 3970 qui
680 3874 809 3971 clypeo
827 3874 951 3948 caret?

266 3985 410 4060 Turbae
428 3986 590 4084 sequenti
609 3988 683 4062 dux
700 4001 849 4087 praeeat
865 3989 946 4064 viae

364 4100 540 4196 Ignarus?
557 4103 654 4180 Huic
670 4116 816 4181 nostrae
833 4104 1036 4204 palaestrae

414 4215 483 4290 Est
499 4244 562 4292 sua
579 4219 667 4314 laus,
688 4221 795 4296 simul
815 4220 936 4319 ampla
953 4244 1102 4294 merces.
