2930 4734
514 241 634 295 LIBER
661 240 852 295 sumnus

98 427 221 502 Turba
235 453 373 525 procax
389 426 594 518 Dominum,
614 427 645 500 si
662 437 791 501 vectus
807 425 903 501 nube
919 426 1033 501 curuli

98 543 200 618 Luce
216 544 334 618 nitens
350 543 467 618 multa
483 542 585 617 coelo
601 541 839 617 descenderet
856 541 939 634 altu,

100 657 282 734 Redderet
298 685 359 733 ore
376 685 492 751 sonos,
511 657 672 754 duroque
690 657 873 731 simillima
890 683 977 732 saxo

96 775 181 849 Heu
199 774 274 848 ludi
292 801 388 848 vana
402 786 565 849 censeret
581 773 739 870 imagine
756 799 894 848 sensus.

194 889 266 985 (R.)
285 889 355 963 Est
371 889 438 963 boc
455 888 643 962 surdorum
662 887 835 962 conclave
852 887 1053 962 miserrima
1070 887 1182 982 sedes,

96 1004 329 1081 Vestibulum
346 1015 479 1078 tetrum
498 1003 603 1100 (reor)
621 1003 890 1100 illacrymabilis
907 1004 990 1078 orci.

192 1119 266 1201 (P.)
283 1119 352 1194 Est
370 1118 467 1195 aliud
485 1119 807 1193 conclave'domus
822 1161 872 1172 -
889 1119 950 1217 qui
967 1118 1149 1194 clauditur
1167 1119 1241 1214 illo,

96 1235 178 1308 Non
197 1245 253 1309 est
269 1234 398 1309 surdus
416 1234 538 1329 bomo;
555 1261 651 1309 nunc
670 1234 773 1308 binas
790 1234 944 1310 obstruit
961 1261 1077 1331 aures,

96 1351 130 1423 N
133 1377 203 1425 unc
222 1377 328 1425 aures
344 1351 507 1447 praebet.
526 1350 566 1425 Si
582 1351 705 1448 pulset
721 1379 827 1427 caeca
843 1351 964 1445 libid0,

95 1467 185 1540 Auri
203 1493 308 1541 sacra
324 1465 447 1558 fames,
466 1466 660 1563 quaerendi
677 1467 833 1541 nominis
850 1466 964 1559 ardor,

96 1581 199 1656 Dlico
216 1593 322 1678 porta
338 1593 449 1679 patet,
469 1582 790 1656 venientem'laeta
806 1581 967 1656 salutant

96 1696 224 1788 Labra,
244 1696 367 1794 placet
384 1723 491 1772 voces
509 1696 633 1772 audire
651 1708 689 1771 et
705 1697 853 1772 reddere
870 1696 1015 1770 multas.

97 1813 265 1888 Christus
281 1812 384 1888 adest
400 1811 551 1887 foribus:
569 1812 740 1887 diuturna
757 1812 902 1887 silentia
918 1813 1064 1910 passim,

95 1927 191 2002 Rara
206 1954 336 2003 manus
352 1927 479 2002 valvas
496 1927 622 2025 aperit,
642 1928 703 2026 qui
721 1927 846 2002 limina
862 1927 1003 2023 transit,

96 2043 178 2118 Non
195 2042 309 2118 trahit
325 2043 386 2117 ille
402 2069 532 2138 moras,
550 2043 755 2142 raptimque
772 2043 965 2141 expellitur
982 2042 1124 2140 hospes.

95 2159 299 2235 Daemones
316 2160 387 2234 ista
402 2170 529 2234 tenent
544 2159 730 2234 conclavia
745 2158 832 2233 bina
848 2157 998 2252 feroces,

96 2273 163 2350 Est
179 2275 263 2350 odio
281 2274 459 2366 Christus,
478 2273 622 2370 glaciali
640 2273 773 2371 frigore
789 2285 939 2372 tor-peut

94 2391 213 2466 Corda
229 2390 377 2465 inimica
393 2390 484 2464 Deo.
504 2389 612 2464 Dulci
631 2416 826 2465 caveamus
845 2415 968 2465 amore

92 2505 319 2582 Detrimeuta
335 2507 488 2603 animae,
507 2533 650 2604 semper
666 2533 870 2602 caveamus,
890 2507 1038 2583 amicae.

92 2622 191 2698 Mors
209 2623 349 2698 animae
368 2649 559 2716 summum,
579 2650 687 2721 saepe
704 2623 936 2722 irreparabile
953 2623 1135 2717 damnum,

92 2736 189 2814 Huic
207 2737 339 2813 collata
354 2739 451 2814 malo
468 2751 552 2815 sunt
568 2751 711 2816 caetera
728 2740 860 2815 damna
876 2740 1025 2815 minora.

186 2853 262 2947 (R.)
281 2853 366 2929 Una
382 2854 482 2930 salus
499 2855 640 2931 animae
657 2856 704 2930 sit
720 2855 834 2930 nostri
851 2867 949 2931 meta
964 2854 1110 2950 laboris,

91 2969 328 3046 Praetereunt
344 2969 438 3064 anni,
458 2971 560 3046 cunis
577 2971 698 3047 vicina
715 2971 892 3071 sepulcra,

92 3083 223 3160 Omnia
239 3112 336 3161 mors
354 3085 480 3177 aufert,
500 3113 592 3184 quae
610 3085 737 3162 sedula
752 3113 839 3162 cura
856 3086 1009 3186 paravit,

91 3200 174 3276 Nou
191 3200 309 3276 aufert
328 3201 470 3278 virtutis
488 3229 586 3300 opes,
605 3203 750 3278 virtutis
768 3202 930 3279 honores,

186 3316 257 3400 (P.)
276 3315 458 3392 Virtutem
476 3317 617 3393 differre
634 3318 759 3415 gradu,
773 3319 852 3417 jam
870 3317 1037 3394 novimus
1055 3343 1188 3411 omues,

91 3429 170 3506 Ima
185 3442 311 3506 teuent
327 3431 442 3526 multi,
461 3459 526 3508 nos
545 3444 666 3508 autem
685 3460 826 3508 summa
843 3445 1018 3531 petamus,

90 3544 164 3622 Dat
181 3547 324 3622 veniam
343 3546 529 3642 Dominus,
549 3548 613 3624 dat
629 3548 725 3624 vires
741 3547 803 3624 ille
821 3549 979 3647 roganti,

90 3658 259 3738 Imminet
277 3674 355 3738 atra
372 3661 458 3756 dies,
477 3664 682 3739 tribuentur
698 3665 861 3763 praemia
876 3664 980 3739 nobis

90 3774 239 3852 Summa
254 3821 304 3832 —
320 3777 466 3876 plaeere
484 3779 562 3854 Deo
580 3779 733 3874 luorum,
753 3779 865 3855 decus
883 3791 992 3878 atque
1009 3779 1190 3879 voluptas.

182 3893 220 3968 N
221 3919 291 3969 unc
309 3893 482 3970 conclave
500 3921 634 3970 novum
652 3894 756 3970 vobis
774 3896 924 3974 ostendo
940 3914 990 3950 -ss
1006 3895 1177 3995 puellam,

90 4005 190 4097 Quae
208 4008 312 4084 lateri
328 4009 355 4084 J
357 4035 420 4084 esu
437 4035 556 4084 comes
574 4021 638 4104 est,
659 4036 751 4108 quae
769 4009 890 4108 diligit
907 4010 1025 4109 illum3

88 4121 191 4200 Intus
209 4123 314 4200 adest
329 4123 523 4218 Dominus,
537 4125 703 4200 manibus
721 4153 792 4201 non
811 4126 957 4224 pellitur
974 4150 1141 4225 unquam,

91 4235 162 4313 Sed
179 4240 446 4338 contemplatur
463 4241 566 4316 vultu
584 4253 767 4318 moerente
785 4242 954 4340 puellam.
