2968 4732
561 215 681 270 marn
709 215 878 285 emarus

187 440 190 446 ¹
287 405 384 480 Hinc
401 405 559 480 nondum
578 405 732 480 moriens
749 406 887 503 primus
904 406 1010 481 homo
1027 409 1112 483 nevi

287 525 429 597 Auctor
446 522 487 594 fit
504 521 655 618 generis
677 520 792 597 Filius
811 532 851 595 ut
868 523 937 596 Dei

287 638 398 712 Nasci
415 637 529 735 possit
547 636 664 711 home.
685 635 773 728 Quis
792 638 990 734 sapientiae

385 751 543 826 Tantum
562 751 766 850 prodigium
785 753 906 851 capit?

289 985 396 1061 Eheu
414 985 524 1083 culpa
542 998 646 1062 vetus
664 985 794 1083 polluit
812 986 879 1062 hoc
896 1015 1047 1085 genus..

289 1102 410 1176 Arbos
427 1128 499 1176 una
518 1103 658 1176 sumus!
678 1101 809 1200 polluit
826 1114 996 1196 attamen,

288 1215 342 1292 Ut
358 1216 552 1292 mundetur
570 1217 680 1314 idem3
700 1217 831 1292 damna
849 1220 946 1317 prior
963 1218 1056 1312 tulit,

384 1332 490 1408 Alter
507 1334 608 1408 lucra
626 1332 725 1408 dedit
741 1360 882 1431 parens.

287 1565 412 1639 Divini
430 1565 546 1663 pretio
565 1565 749 1663 sanguinis
767 1567 888 1642 omnia

288 1680 383 1754 Tolli
401 1707 506 1778 posse
525 1680 712 1755 hominum
731 1682 879 1756 crimina
897 1683 1073 1778 novimus,
1211 1745 1214 1752 .

286 1797 404 1871 Natos
422 1795 572 1894 lympha
589 1795 698 1888 lavat,
718 1798 958 1896 continuoque
977 1799 1039 1875 dat

385 1912 510 1987 Vitam
530 1913 680 1987 dextera
691 1913 840 2011 judicis.

288 2143 453 2220 Surrexit
470 2145 656 2238 Dominus,
676 2146 882 2243 perdomuit
899 2158 1039 2223 trucem

286 2260 441 2336 Mortem
460 2260 574 2335 victor
591 2263 721 2336 ovans!
741 2289 836 2336 mors
854 2273 975 2337 tamen
994 2264 1153 2341 omnium

286 2375 413 2452 Pulsat
431 2386 531 2451 certa
548 2376 657 2473 fores3
676 2376 770 2452 falce
787 2389 915 2475 potens
932 2379 1020 2454 cito·

384 2491 562 2567 Praedam
580 2492 749 2567 restituet
767 2520 880 2568 suam.

287 2725 460 2801 Mortales
477 2726 649 2822 patimur,
670 2736 753 2800 sunt
769 2726 866 2801 mala
884 2726 1038 2824 plurima

285 2841 438 2917 Ultricis
455 2842 546 2918 radii
563 2841 699 2934 mortis,
721 2869 851 2918 aranea

167 2989 170 2998 ·
285 2959 390 3035 Haec
408 2957 524 3032 tendit
542 2957 725 3054 laqueos...
745 2958 881 3054 proelia
897 2946 1041 3034 'seilicet

383 3073 476 3149 Sunt
492 3072 678 3148 miscenda
695 3072 839 3168 ferocia,

284 3304 406 3378 Poena
423 3314 479 3378 est
494 3301 641 3399 flagitiis
659 3301 781 3375 debita
798 3300 1000 3400 multiplea,

285 3419 467 3495 Certando
485 3418 628 3493 acuitur
644 3417 770 3492 tardus
788 3417 962 3510 acinaces,

284 3535 443 3612 Victoris
460 3533 572 3631 capiti
590 3543 685 3608 serta
702 3532 868 3608 rubentia

380 3650 456 3725 Dat
473 3649 626 3724 victoria
642 3648 784 3723 nobilis.

284 3884 417 3961 Condit
433 3896 530 3959 terra
548 3882 628 3958 sinu
646 3909 799 3981 corpora
816 3881 970 3979 putrida,

282 4001 406 4076 Donec
424 4000 470 4074 sit
487 3999 610 4098 generi
627 3998 720 4096 finis,
740 4010 778 4073 at
796 3997 924 4072 ultimo

280 4116 498 4192 Restaurata
515 4141 601 4190 sono
618 4141 767 4212 corpora
784 4113 943 4190 buccina
1025 4165 1027 4170 -

380 4232 523 4307 Reddet
540 4230 735 4328 spiritibus,
756 4231 837 4306 dein
