2988 4730
585 215 705 272 LIBER
738 213 904 273 TERTIUS

372 404 509 497 Frater,
529 413 726 479 memento:
744 429 875 501 eorpus
893 429 983 501 opus
1000 403 1087 479 Dei!

373 519 454 612 Quo
466 521 550 619 jure
568 519 683 595 vitam
700 518 829 595 tollere
847 519 1006 618 corporis

469 636 640 712 Vesanus
657 635 778 729 audes,
799 636 862 735 qui
879 636 1014 712 vetaris

519 750 609 849 Igne
627 751 752 828 domos
770 751 914 828 abolere
931 751 1106 829 fratrum?

372 985 534 1083 Lugeret
551 1011 642 1060 uxor
659 985 807 1084 turgida
822 985 1003 1084 lacrymis,

372 1101 534 1199 Lugeret
551 1127 675 1176 amens
692 1101 821 1176 funera
837 1102 1014 1200 conjugis,

470 1217 618 1292 Patrem
636 1227 782 1294 vocaret
798 1228 960 1293 moestus
976 1216 1104 1311 infans,
1137 1241 1140 1248 ·

519 1332 633 1408 Nulla
650 1334 772 1432 rigens
790 1333 963 1408 alimenta
980 1333 1101 1409 ferret.

373 1561 493 1664 Oul‘pa
509 1577 684 1664 gravatus
702 1565 908 1642 concideret
925 1567 1043 1663 miser,

372 1682 475 1757 lotus
493 1682 643 1758 trisulco
661 1682 812 1758 fulmine
823 1682 959 1781 judicis

470 1798 628 1874 Arderet
643 1797 770 1874 infelix
786 1798 824 1873 in
842 1800 917 1874 orci

519 1915 700 1990 Terriliois
718 1915 795 1990 sine
811 1915 882 1990 fine
899 1915 1064 1992 flammis.
1098 1915 1101 1919 ’

373 2150 426 2225 At
444 2150 474 2225 si
492 2149 616 2226 doloso
634 2150 783 2226 vulnere
803 2150 949 2226 saueius

374 2266 441 2363 Tu,
460 2266 598 2365 Crispe,
620 2266 693 2342 leto
710 2277 883 2364 praepete
901 2293 1058 2359 corruas,

472 2382 651 2458 Haerebis
669 2383 859 2458 immotum
878 2383 1045 2479 cadaver,

522 2498 582 2573 Ad
600 2497 887 2597 solium'rapiere
906 2498 1054 2574 Christi.

376 2731 477 2824 Quae
493 2742 530 2807 te
548 2732 746 2807 manebunt
763 2731 839 2807 fata
856 2732 1119 2809 miserrimum?

374 2848 537 2923 Immane
555 2847 690 2922 crimen
707 2848 837 2923 balnea
853 2874 925 2923 non
943 2848 1079 2946 lavant,

473 2963 627 3039 Vinctus
646 2965 794 3057 calonio,
814 2974 922 3039 nocte
940 2991 1079 3040 mersus

522 3079 705 3155 Continuo
721 3080 872 3155 moriere
891 3080 1030 3154 vivens.

375 3311 534 3388 Demens
551 3311 679 3387 honori
697 3312 874 3388 consulis!
893 3312 1071 3387 Hostibus

374 3427 400 3503 J
402 3454 486 3503 esus
502 3427 678 3526 pepercit,
697 3428 854 3504 carmine
872 3427 1023 3526 dignior,

474 3543 545 3635 Qui
563 3543 679 3619 vincit
695 3544 794 3638 iram,
814 3542 1005 3639 militante,

523 3658 593 3751 Qui
612 3660 748 3758 subigit
765 3660 981 3735 metuendus
998 3659 1141 3735 urbem!
