2988 4730
607 193 726 248 LIBER
761 192 926 248 TERTIUS
1301 185 1353 240 139

258 381 452 480 Languida
470 380 632 456 membra
649 379 784 473 labant,
803 381 991 456 teterrima
1009 380 1168 456 carmina
1186 407 1276 456 voce

357 497 549 572 Horrenda
566 497 643 570 sine
661 495 742 593 lege
758 507 949 572 canuntur.

258 613 361 690 Lena
379 613 552 710 Megaera
569 610 657 686 furit
674 611 755 686 fuco
772 612 927 686 mentita
942 611 1109 705 colorem,

357 728 413 804 Ac
434 739 559 826 turpes
577 736 731 802 venatur
749 753 904 824 amores,

257 842 388 941 Oaupo
406 843 507 934 fovet
524 843 664 936 vitium,
684 869 787 918 mens
805 843 897 918 recti
916 843 1064 919 conscia
1081 870 1153 919 non
1171 854 1237 937 est,

301 1023 307 1044 ‚
357 959 549 1034 Tollantur
567 959 644 1034 sine
662 945 732 1033 fine
751 958 930 1053 cachinni,

259 1074 454 1150 Immemor
472 1103 559 1151 ecce
578 1075 649 1150 Dei
667 1075 850 1173 geminato
869 1073 1036 1178 concalet
1054 1074 1136 1172 igne

358 1190 492 1265 Turba.
512 1191 630 1267 Pedes
646 1217 742 1266 nuno
758 1191 811 1265 ire
822 1190 1033 1289 jubentur..

256 1305 425 1381 Pondera
436 1307 515 1405 jam
533 1307 632 1383 dubii
649 1316 834 1405 nequeunt
850 1306 1023 1382 immania
1039 1306 1148 1403 ferre,

359 1420 604 1518 (Delectemur
621 1420 831 1520 imagine)...
849 1434 976 1520 potum

255 1535 352 1612 Pota
369 1538 486 1614 virum
505 1549 688 1614 sustentat
706 1564 806 1630 anus,
826 1565 917 1636 puer
934 1547 1045 1636 atque
1062 1536 1187 1634 puella

358 1651 493 1753 (Turpe
510 1653 613 1729 nefas
631 1653 808 1729 maturius
826 1652 942 1750 annis)

255 1769 386 1846 Rauca
403 1797 490 1847 voce
509 1782 684 1868 strepunt,
705 1781 827 1868 partes
844 1770 1041 1845 fleetuntur
1058 1770 1095 1843 in
1114 1795 1237 1844 omnes

357 1886 410 1961 Ut
427 1886 531 1961 navis
543 1887 686 1984 jactata
704 1885 903 1984 procellis...

256 2000 470 2077 Subsistunt
487 2001 661 2098 homines,
681 2000 890 2100 spectacula
906 2001 1025 2076 tristia
1041 2000 1152 2077 risum

357 2117 474 2216 Saepe
491 2118 587 2193 cient
604 2129 641 2193 et
660 2145 768 2217 saepe
787 2117 956 2193 dolorem.

254 2233 411 2309 Labitur
429 2233 487 2309 hic
504 2261 691 2333 praeceps,
712 2233 896 2332 lapidique
915 2232 1086 2329 alliditur,
1106 2232 1199 2308 eheu

355 2345 499 2426 Vulnus
517 2350 603 2444 hiat,
624 2377 728 2426 eruor
744 2349 871 2448 irrigat
889 2361 1004 2446 artus3

254 2465 324 2542 Ille
342 2467 439 2543 cadit
457 2466 612 2542 lentus...
631 2493 741 2565 quum
759 2476 837 2541 toto
855 2476 1002 2565 pectore
1021 2492 1199 2540 somnum.

354 2582 498 2675 Proflat,
519 2581 622 2657 adest
640 2583 696 2655 vir
713 2581 877 2676 callidus,
899 2580 1025 2675 aufert,

254 2699 357 2792 Quos
373 2699 518 2796 reperit,
536 2725 712 2791 nummos,
733 2709 770 2774 et
787 2697 948 2773 vestibus
967 2697 1067 2773 exuit
1084 2697 1223 2772 illum...

354 2816 415 2889 An
432 2815 544 2890 risum
561 2816 717 2891 teneatis
735 2814 866 2890 amici?

255 2932 391 3008 “Festa
408 2932 540 3030 pedum
559 2931 741 3007 celebrate
759 2931 838 3024 viri,
859 2930 1041 3007 celebrate
1059 2928 1202 3027 puellae
1212 2930 1246 3021 l„

353 3047 597 3134 Conclamant
614 3047 732 3123 edicta
749 3072 813 3146 per
831 3046 955 3121 urbem

252 3163 457 3260 Divulgata
473 3163 580 3262 typis,
600 3173 638 3240 et
655 3162 922 3261 sesquipedalia
939 3162 1050 3236 verba

353 3278 468 3376 Virgo
486 3278 585 3376 legit,
605 3289 779 3371 matrona,
800 3277 962 3352 maritus.

251 3394 369 3470 Nulla
386 3395 497 3494 quies,
518 3394 655 3469 animos
672 3405 775 3469 tenet
793 3393 900 3468 anxia
917 3419 1013 3486 eura,
1034 3403 1205 3491 torusque

352 3511 462 3586 Alma
479 3521 590 3608 negat
608 3509 737 3585 solatia
754 3509 868 3584 fessis.

251 3626 339 3703 Flet
354 3653 503 3702 nummo
522 3626 672 3700 viduata
688 3653 811 3724 penus
834 3625 897 3700 sed
914 3623 1040 3700 fraude
1058 3624 1234 3722 magistra

352 3744 556 3841 Argentum
574 3752 767 3818 renovatur
785 3742 822 3814 in
839 3740 918 3838 illa,

252 3860 423 3964 Pignoris
440 3861 554 3936 instar
571 3859 680 3935 habet
697 3859 856 3958 pretiosa
872 3858 1021 3933 monilia
1036 3869 1176 3951 cautus,

354 3976 424 4068 Qui
441 4003 607 4051 nummos
624 3975 662 4049 in
678 3974 823 4049 foenore
841 3973 952 4073 ponit.

252 4090 381 4168 Serica
398 4091 460 4168 fila
476 4091 633 4190 placent,
653 4089 892 4188 redimitaque
910 4101 1075 4188 tempora
1093 4089 1208 4182 sertis,

352 4207 473 4285 Torva
489 4206 621 4283 rubens
639 4205 791 4282 lascivia
808 4205 921 4301 vultu,
