2930 4734
529 211 647 266 LIBER
675 209 867 264 SEPTIMUS

120 397 186 474 Est
203 397 304 472 labor
322 396 497 493 egregius,
517 395 674 470 famulae
693 394 898 470 venerabile
917 421 1056 470 nomen.

119 513 169 586 At
185 511 283 587 rudis
300 511 444 609 ingenio
461 537 527 588 nec
546 521 648 584 111110
667 522 812 586 assueta
829 510 944 585 labori

120 627 157 703 Si
173 627 316 704 condire
335 627 434 702 cibos
452 624 526 702 1111
544 625 659 700 multu
676 626 785 718 dicar,
806 637 843 701 et
861 626 931 701 acri

119 742 205 840 Igne
224 768 382 817 cremare
400 742 501 835 ferar,
522 741 699 816 mulcebis
717 742 861 838 pectine
879 740 1042 833 chordas,

119 857 360 955 Cantabisque
378 884 477 933 meas
496 868 599 933 vates
616 857 850 933 celeberrima
867 857 1003 932 laudes.

213 973 283 1071 (F.)
302 974 465 1066 Gemma,
485 999 610 1048 moves
627 973 748 1065 risum,
769 983 853 1048 sunt
871 973 963 1048 seria
980 972 1095 1047 mixta
1112 972 1253 1069 facetis,

116 1087 193 1164 Nec
211 1087 386 1164 citharam
405 1088 519 1186 pulsu,
538 1115 605 1164 nec
624 1088 786 1164 carmina
804 1089 954 1163 vocibus
972 1089 1039 1163 edo
1056 1131 1106 1142 —

116 1203 296 1280 Mordeor!

210 1319 286 1411 (G.)
304 1319 358 1394 Ut
376 1319 530 1394 volucris
547 1329 583 1392 te
602 1319 673 1393 leni
691 1320 837 1394 mordeo
855 1331 979 1412 101110,

114 1433 218 1508 Dona
234 1434 346 1508 feram
364 1434 497 1509 laesae:
516 1433 693 1508 medicina
711 1435 896 1532 parabitur
914 1435 1041 1531 ingens

114 1547 332 1624 Vulneribus
349 1549 463 1624 cerdis
480 1591 529 1604 —-
546 1548 738 1646 cujuslibet
756 1550 875 1626 exitus
892 1551 976 1624 anni

114 1663 169 1740 Sit
187 1664 252 1739 tibi
271 1663 516 1762 conspicuum,
536 1665 601 1740 tibi
619 1665 667 1739 sit
684 1666 916 1741 memorabile
933 1666 1097 1764 tempus!

112 1778 249 1854 Temos
261 1781 376 1876 junge
394 1779 479 1875 dies,
499 1779 674 1855 Gemmae
692 1781 740 1855 da
757 1793 910 1879 sceptra,
929 1782 1066 1874 recede,

111 1894 266 1990 Abdere,
284 1906 365 1972 tuta
382 1895 447 1968 sile
463 1938 512 1948 —
529 1907 615 1970 tunc
635 1907 786 1970 mortem
805 1896 913 1972 corde
932 1896 1065 1988 voluta,

108 2007 134 2083 J
136 2007 255 2083 udicis
272 2021 470 2084 extremam
488 2010 661 2084 trutinam
679 2009 915 2110 flammasque
933 2036 1117 2110 perennes,

109 2123 157 2198 Et
176 2124 342 2198 flammas
359 2125 520 2199 medicas
538 2135 758 2222 aeternaque
777 2127 938 2223 praemia
956 2125 1058 2200 coeli.

209 2240 442 2338 (1111111111,
463 2241 626 2335 Gemma,
647 2269 744 2339 reg0,
764 2242 875 2317 nimio
892 2268 993 2318 mens
1012 2241 1169 2339 pondere

1136 2382 1269 2454 pressa,

107 2469 365 2568 Exanimisque
383 2500 458 2546 ruo,

205 2587 281 2672 (G.)
298 2589 418 2662 Labor
434 2599 490 2664 est
507 2589 565 2664 hic
586 2588 699 2664 dulcis
718 2589 905 2664 amoenus!

109 2699 259 2799 Septem
277 2729 385 2801 saepe
405 2704 489 2796 dice,
509 2704 564 2778 bis
582 2715 721 2802 septem
734 2705 888 2803 jungere
906 2703 1011 2779 multi

105 2814 304 2894 Dicuntur!
1003 2897 1007 2906 ,

206 2933 274 3030 (F.)
295 2933 492 3009 Metuenda
510 2961 607 3009 10101
625 2935 807 3033 deliraque
826 2935 998 3009 Gemma!

106 3047 187 3139 Quo
205 3049 302 3124 ruis?

203 3164 280 3254 (G.)
297 3165 390 3240 Heic
407 3166 545 3261 adsum,
563 3165 663 3241 labor
681 3179 737 3240 est
754 3166 813 3241 hic
833 3165 958 3261 (1111011,
978 3164 1167 3239 amoenus!

104 3279 334 3378 Unaquaque
352 3281 511 3355 diesunt
527 3280 718 3356 intervalla
735 3281 877 3379 quietis,

103 3395 222 3471 Laeta
238 3397 339 3493 quies
357 3397 466 3493 operi,
484 3423 556 3471 non
575 3408 660 3472 sunt
671 3396 823 3495 jejunia,
844 3422 990 3470 somnus

104 3510 302 3587 Restaurat
320 3512 414 3586 vires
430 3555 480 3567 -
496 3512 663 3587 referenti
681 3512 786 3587 crede
805 3511 926 3587 sorori.

104 3627 209 3716 Quae
226 3653 297 3702 non
316 3625 450 3722 vidisti,
469 3627 541 3701 noli
559 3627 833 3725 reprehendere,
854 3626 974 3699 Flora.

202 3742 273 3827 (F.)
285 3742 347 3844 ⁸Tu
364 3769 422 3817 me
440 3742 524 3817 fune
542 3742 667 3840 trahis,
687 3769 854 3840 superare
873 3741 1062 3816 cacumina
1081 3740 1214 3814 montis

103 3856 317 3956 importuna
329 3858 447 3956 jubes.

203 3972 279 4063 (G.)
297 3971 400 4071 Rogo
417 3985 463 4067 te,
483 3973 661 4071 resipisce,
682 3973 834 4071 quiesce,

102 4087 270 4163 Monstra
288 4088 412 4163 vident
430 4088 554 4182 timidi,
574 4115 665 4186 puer
682 4099 746 4180 est,
767 4088 828 4185 qui
846 4086 979 4166 labitur
997 4112 1121 4179 annue,

101 4204 140 4278 N
143 4231 190 4278 on
206 4201 312 4282 hodie
330 4218 393 4281 tua
411 4218 552 4303 sceptra
569 4215 664 4302 pete.
685 4203 875 4279 Sententia
893 4212 1012 4278 costet
