3030 4734
647 235 862 290 CARMINUM

323 423 405 498 Hoc
419 423 525 520 jungi
544 421 659 497 voluit
677 422 823 497 condita
840 420 986 496 vinculo

322 539 421 612 Patri
439 539 591 612 Flamen
608 539 738 612 Amor!
758 537 914 612 Vincula
932 536 1069 611 dulcial

322 656 532 729 Pax-terrae
551 681 592 728 ac
612 653 764 728 homini!
785 680 857 750 pax
876 653 1011 727 homini
1030 679 1072 726 ac
1091 653 1187 727 Deol

420 770 451 846 Ο
470 769 679 844 dulcissima
697 768 859 843 vincula!

320 1003 454 1076 Factus
471 1001 620 1076 consilio
638 1000 797 1075 numinis
814 1000 956 1097 integer

320 1117 420 1192 Idem
439 1118 576 1215 primus
594 1116 700 1191 horno
718 1115 842 1190 debuit
860 1116 1000 1212 integer

321 1233 517 1332 Extemplo
525 1231 615 1330 fieri
627 1231 774 1307 consilio
793 1257 872 1327 suo3

417 1347 530 1422 “Sum
548 1347 678 1443 factus,
696 1346 774 1421 fieri
791 1346 915 1439 rolol„

318 1581 386 1655 Est
405 1579 463 1654 hic
484 1607 601 1656 sermo
619 1591 783 1677 potens...
802 1579 922 1677 poscit
940 1606 1030 1676 opus
1048 1579 1115 1654 Dei

316 1695 512 1772 Libertatis
531 1697 642 1794 opusl
663 1723 771 1794 poma
789 1706 889 1770 vetat
906 1695 1006 1770 Deus

316 1813 565 1909 Tentatusque
585 1813 685 1888 cadit
702 1813 839 1910 primus
857 1811 965 1886 hoino
983 1810 1074 1885 vafri

412 1929 599 2026 Deceptus
617 1926 754 2003 colubri
773 1927 864 2001 dole.

314 2159 521 2234 Turbantur
538 2158 629 2233 radii
647 2157 805 2249 crimine,
826 2157 951 2232 circuli

314 2275 419 2349 Felix
437 2275 523 2349 ordo
540 2274 621 2366 ruit,
644 2273 798 2348 classica
816 2284 1060 2371 perstrepunt:

312 2390 435 2464 Armis
452 2416 585 2464 numen
602 2388 721 2485 homo,
740 2399 837 2462 terra
853 2388 1035 2464 hominem
1053 2390 1180 2487 petit...

410 2505 442 2580 O
461 2505 668 2603 spectacula
685 2505 820 2580 tristia!

312 2739 386 2815 Our
402 2748 597 2813 nectuntur
620 2737 737 2813 adhuc
760 2764 919 2834 corpora,
940 2737 1110 2835 spiritus?

311 2856 465 2930 Mortem
483 2880 554 2928 non
573 2854 733 2950 sequitur
750 2857 869 2928 mors?
889 2853 976 2950 (fore
994 2854 1172 2930 vindicem

310 2972 416 3046 Hanc
436 2969 528 3043 dixit
546 2968 692 3044 sceleris
702 2970 939 3069 praecpitem
956 2969 1105 3066 Deus)...

407 3086 511 3161 Haec
531 3085 711 3183 stipendia
727 3084 869 3159 nonnisi

310 3318 403 3394 Sunt
420 3314 542 3410 diluta,
559 3329 703 3391 mancat
722 3342 794 3390 una
811 3315 973 3392 homines
990 3345 1107 3393 cruce:

308 3435 407 3526 Quos
425 3433 501 3509 solo
518 3432 669 3531 imperio
688 3433 900 3508 condiderat
917 3433 1027 3528 Deus,

307 3552 414 3625 Nunc
433 3550 528 3624 idern
548 3548 726 3622 Dominus
744 3548 862 3622 denuo
879 3549 1039 3624 condidit

404 3665 549 3763 Ingenti
566 3665 695 3740 meritc
712 3664 836 3739 crucis.

307 3898 407 3972 “Pax
425 3907 540 3974 terrae
559 3924 600 3972 ac
620 3896 764 3990 homini,
784 3924 857 3994 pax
875 3896 1010 3971 homini
1029 3923 1069 3972 ac
1086 3895 1205 3990 Deol„

305 4013 389 4088 Non
406 4013 561 4087 mutabit
577 4010 685 4086 homo
703 4009 891 4086 consilium
909 4009 995 4085 Deil

304 4129 402 4204 Hinc
420 4128 500 4203 tolli
517 4128 645 4202 merito
664 4127 800 4202 crimen
818 4126 985 4224 oportuit,

400 4243 498 4340 Agni
517 4243 692 4340 sanguine
712 4241 814 4337 dilui;
