2962 4742
586 225 707 280 LIBER
734 225 911 282 OCTAVUS

108 489 111 495 ,
159 411 304 510 Accipe
320 422 488 486 natorum
506 410 702 486 concordia
719 422 804 487 vota
820 413 1009 510 benignus,

224 623 226 626 Ι
258 528 380 624 Atque
398 526 459 601 diu
476 536 648 618 nostrum,
669 527 814 603 Pastor!
834 529 929 604 ovile
946 555 1046 627 rege3

159 641 384 717 Infremudre
402 641 488 739 lupi,
507 641 592 716 tetri
609 640 711 717 velut
731 644 874 740 agmine
892 644 987 720 facto

258 757 439 832 Infestant
455 755 581 832 caulas
597 757 889 858 circumeuntque
908 787 1057 858 pecus...

158 870 263 948 Tolle
281 899 436 965 crucem,
457 873 660 948 venerande
678 874 805 949 Pater!
824 875 1033 972 rabiemque
1051 887 1190 968 coerce,

259 986 512 1086 Silvarumque
528 998 655 1086 petent
672 999 776 1064 antra
791 1000 931 1065 remota
947 991 1041 1089 lupi!

100 1170 104 1180 .
157 1101 274 1178 Nulla
291 1103 392 1201 quies
409 1103 519 1201 operi,
538 1104 733 1178 metuenda
749 1104 909 1202 pericula
926 1107 1033 1199 vitae,

258 1218 330 1294 Sed
347 1219 443 1294 vires
461 1229 566 1296 acuet
584 1219 750 1295 Christus
768 1246 945 1318 opemque
963 1221 1071 1298 feret!

157 1335 399 1412 Grandaevus
415 1339 571 1428 tandem,
591 1335 680 1410 duro
698 1336 894 1410 certamine
913 1335 1029 1412 lassus

258 1450 351 1526 Sede
371 1450 516 1548 quiesce
534 1449 618 1548 poli,
638 1451 767 1526 Pastor
783 1436 894 1528 iesus
910 1477 1016 1526 ovem

156 1567 211 1643 Te
228 1556 344 1642 bonus
358 1565 575 1663 verroipiatl...
594 1566 732 1665 Rapuit
748 1593 813 1642 nos
831 1567 951 1641 fervor
968 1578 1127 1661 ovantes,

207 1769 211 1778 p
255 1683 390 1757 Lustra?
406 1680 605 1756 salutamus
623 1682 835 1780 quinquel...
856 1682 918 1757 sed
937 1709 999 1757 ora
1017 1692 1116 1757 metu

156 1797 381 1889 Pallescunt,
402 1796 655 1896 trepidantque
672 1797 795 1895 pedes,
813 1798 843 1871 it
861 1797 969 1873 sudor
985 1797 1022 1870 in
1041 1808 1155 1873 artus:

256 1911 417 2009 Fulgore
434 1913 495 2009 qui
514 1912 621 1987 citius
640 1913 866 2009 praeteriere,
886 1912 964 1988 dies

155 2027 350 2103 Libramus
367 2028 536 2103 trutina...
554 2053 753 2102 naevorum
772 2027 918 2102 conscia
934 2053 1036 2101 mens
1053 2029 1125 2102 est!

255 2143 375 2219 Lance
392 2144 523 2241 probat
533 2143 670 2240 justat...
689 2154 835 2241 pectora
852 2154 975 2219 nostra
992 2142 1128 2218 Deus...

156 2258 260 2351 Quae
277 2259 409 2333 nostris
423 2257 548 2350 oculis,
568 2256 706 2351 fratres,
727 2258 863 2334 leviora
880 2258 1058 2351 videntur,

253 2374 362 2450 Forte
381 2373 448 2448 Dei
467 2399 607 2448 summo
625 2384 708 2448 sunt
726 2373 894 2471 graviora
911 2374 1004 2449 foro!

155 2491 280 2566 Grana
297 2501 421 2565 tamen
437 2488 552 2589 paleis
570 2490 753 2564 sociantur
771 2491 938 2565 inanibus
956 2490 1058 2584 eheu,

253 2605 392 2702 Estque
410 2606 588 2679 viatorum
607 2604 756 2701 pulvere
774 2631 899 2704 sparsa
916 2604 1020 2702 toga!

154 2719 281 2811 Parce,
303 2719 419 2794 Deus!
439 2719 614 2817 lacrymis,
633 2720 659 2796 J
661 2721 775 2795 udex!
794 2731 858 2794 tua
876 2720 1025 2796 fulmine
1043 2746 1173 2817 pone...

253 2833 306 2908 Te
325 2834 372 2908 sit
391 2862 509 2910 amare
527 2823 684 2911 lucrum!
704 2836 757 2910 Te
776 2836 823 2910 sit
841 2861 962 2910 amare
980 2834 1108 2908 decus!

154 2948 231 3025 Cur
249 2976 391 3046 semper
409 2949 576 3048 Zephyro
594 2951 742 3048 gracilis
760 2952 944 3049 quatiatur
961 2949 1120 3025 arundo?

251 3065 382 3140 Nonne
399 3065 472 3140 ilex
489 3083 617 3140 ventos
636 3065 747 3140 ardua
765 3066 878 3140 vincit
896 3068 1031 3140 ovans?

154 3179 297 3256 Pallida
313 3208 408 3256 mors
427 3181 566 3257 validos
583 3182 778 3280 prosternit
795 3181 888 3256 falce
906 3181 1088 3278 gigantes:

253 3296 291 3372 Si
311 3297 429 3372 caleat
445 3297 608 3389 flammis,
630 3297 749 3371 omnia
766 3297 882 3372 vincit
899 3298 1016 3372 amorl

154 3411 205 3486 Et
223 3423 320 3487 strue
338 3412 517 3510 lignorum
534 3437 718 3510 nunquam
737 3411 957 3486 saturabitur
974 3411 1083 3508 ignis:

252 3528 302 3603 Et
322 3529 431 3604 “satis
450 3540 527 3622 est„
546 3529 645 3603 nullo
662 3538 825 3626 tempore
843 3527 933 3602 dicit
951 3527 1066 3603 amorl

154 3639 279 3718 Verba
300 3655 457 3737 movent,
482 3648 650 3742 exempla
671 3643 837 3718 trahunt!
862 3642 958 3716 Dum
988 3642 1086 3716 facta
1114 3641 1317 3740 loquuntur,

254 3759 406 3856 Saepius
422 3759 493 3834 heu
512 3759 632 3833 uerbis
650 3757 752 3832 labra
769 3758 943 3856 opulenta
961 3756 1085 3833 silent!

156 3868 279 3950 Donec
299 3875 375 3948 vita
392 3885 524 3966 manet,
543 3872 723 3948 bellorum
742 3884 876 3948 cuncta
893 3872 1052 3947 tumultu

252 3990 466 4062 Miscentur:
483 3987 568 4062 tetri
586 3988 780 4062 daemones
799 4013 899 4062 arma
917 3999 1073 4079 movent,

156 4100 268 4178 Arma
284 4115 432 4178 movent
450 4101 622 4196 homines,
643 4129 733 4201 quos
751 4101 880 4177 efferus
898 4103 1011 4178 edidit
1030 4102 1159 4178 Orcus:

252 4219 357 4294 Dic...
379 4219 508 4316 quibus
526 4217 614 4293 haec
632 4218 739 4292 armis
757 4218 916 4294 vincitur
934 4231 1013 4294 atra
1031 4218 1214 4316 phalanx?
