2972 4738
600 727 859 803 IDYLLIUM
891 727 942 800 IL

392 984 562 1060 nonu
578 1028 629 1038 -
645 984 846 1058 naam
861 1027 912 1038 --
927 985 1149 1059 TITYRUS.

288 1297 395 1371 “Nox
414 1309 502 1388 erat,
522 1309 559 1370 et
577 1296 720 1394 gelidae
738 1295 911 1370 velabant
928 1296 1051 1369 omnia
1066 1296 1203 1372 circum

188 1415 292 1490 Arva
308 1415 422 1506 nives,
444 1414 595 1488 viduata
610 1413 723 1487 comis
741 1412 889 1509 lugebat
906 1415 1033 1509 opacis

189 1528 301 1624 Silva,
321 1529 453 1604 viatori
471 1529 654 1626 quondam
670 1528 861 1602 carissima
877 1527 984 1623 lasso,

187 1646 420 1744 Rumpebant
437 1645 575 1720 celeres
592 1645 774 1718 taciturna
791 1643 937 1718 silentia
953 1644 1063 1735 venti,

189 1761 386 1859 Agricolae
403 1761 551 1859 placida
567 1760 740 1834 laxabant
758 1760 921 1834 membra
937 1759 1070 1856 quiete.

290 1877 388 1954 “Sed
405 1878 535 1975 Myron
553 1877 684 1974 vigilat
701 1876 840 1951 sociata
856 1876 1020 1973 conjuge,
1040 1875 1157 1948 tristis

189 1992 337 2093 Aspicit
353 1992 504 2068 immoto
521 1993 781 2090 lacrymantem
800 1992 936 2066 lumine
955 1991 1149 2089 Daphnen.

194 2109 340 2208 ll'tyrns
356 2134 444 2184 ecce
462 2135 562 2206 puer,
582 2135 690 2206 quem
707 2107 797 2182 dura
815 2106 992 2204 compede
1011 2107 1125 2180 letum

189 2223 331 2320 vinxit,
349 2224 446 2299 inest
463 2224 610 2299 tabulae
627 2223 820 2298 macilento
837 2222 997 2320 pallidus
1015 2249 1091 2296 ore:

190 2338 365 2437 Caligant
381 2338 487 2432 oculi,
508 2340 728 2414 clauduntur
746 2339 898 2415 vocibus
916 2365 1031 2430 auree,

189 2454 312 2530 Labra
329 2454 447 2547 silent,
468 2453 647 2552 rigidique
665 2455 787 2552 pedes,
808 2466 846 2530 et
863 2453 995 2550 frigore
1013 2453 1136 2550 palma

190 2570 337 2668 Torpet,
358 2569 464 2644 adest
480 2570 592 2666 capiti
613 2570 749 2646 Christi
767 2571 955 2645 morientis
973 2571 1105 2665 imago,

191 2687 273 2762 Lux
291 2686 391 2761 tenui
409 2685 546 2760 nutrita
562 2685 641 2759 oleo
660 2711 730 2759 non
748 2686 903 2783 dissipat
921 2685 1080 2759 umbrae.

290 2801 483 2876 “Protinus
501 2801 660 2896 assurgit
676 2801 846 2899 genitrirr,
865 2813 902 2877 et
918 2802 1032 2876 imbre
1046 2802 1230 2898 jacentem

191 2918 370 3018 Aspergit
388 2917 551 2992 lustralis
569 2942 694 3015 aquae,
714 2918 777 3016 pia
794 2929 881 2993 vota
899 2917 1030 2994 salutis

192 3035 278 3112 Uda
295 3061 418 3132 genae,
438 3032 582 3108 vultum
601 3034 758 3109 demissa
775 3034 955 3132 profatur:

190 3153 326 3251 Tityre,
346 3151 395 3226 mi
413 3149 477 3246 fili,
495 3149 630 3224 laetum
643 3150 869 3247 juvenilibus
888 3150 992 3224 annis

191 3269 304 3346 Tetra
320 3266 464 3342 nefasta
481 3263 558 3341 dies
576 3275 654 3340 atro
673 3265 850 3364 signanda
868 3265 994 3363 lapillo

191 3384 244 3460 Te
262 3382 351 3460 mihi
371 3381 553 3480 surripuit,
572 3391 731 3479 natoque
750 3382 875 3455 orbata
894 3381 999 3457 suavi

192 3499 324 3576 Infelix
336 3497 468 3597 jubeor
486 3496 711 3588 cruciantem
730 3498 863 3594 degere
884 3497 1014 3572 vitam!

193 3614 378 3691 Conticuit
395 3613 533 3688 ducens
551 3613 622 3686 imo
642 3613 798 3710 suspiria
816 3613 936 3687 corde.

292 3727 385 3804 “Oui
404 3728 539 3826 Mycon
557 3728 774 3825 deprompta
790 3729 869 3804 Deo
889 3728 1020 3804 solatia
1038 3728 1232 3827 praebens:

194 3845 326 3938 “Siste,
348 3844 407 3937 ait,
428 3844 559 3920 effusas
578 3844 768 3942 lacrymae,
790 3844 1002 3943 luctumque
1020 3858 1142 3920 coerce
1159 3886 1209 3897 —

193 3961 262 4035 Est
280 3959 408 4034 modus
426 3959 462 4034 in
480 3960 605 4036 rebus!
626 3959 696 4051 Qui
715 3971 897 4060 temperat
915 3961 1011 4036 orbis
1029 3961 1200 4052 habenas,

194 4077 303 4152 Hunc
321 4074 587 4150 adolescentem
605 4076 728 4174 rapuit
746 4076 813 4152 sibi
832 4089 947 4153 morte
965 4077 1148 4152 ministra!

194 4191 250 4268 Tu
269 4191 418 4268 decreta
436 4190 505 4265 Dei
525 4217 706 4287 venerare,
727 4193 880 4294 quiesce,
902 4194 1052 4291 Deoque
