2930 4734
179 191 232 246 384
653 200 867 254 CARMINUM
951 258 954 263 ,

278 384 347 483 (F.)
361 386 485 478 Nunc,
506 385 687 460 fortunata
705 385 888 482 magistra,

179 501 215 576 N
218 527 286 575 unc
306 527 382 597 age,
403 528 529 598 rumpe
546 527 673 593 morae,
695 501 829 575 sitienti
848 501 979 598 pocula
996 503 1139 599 praebe.

278 615 352 714 (G.)
373 616 507 691 Pocula
523 642 594 691 non
611 627 770 714 prosunt,
791 616 820 690 si
838 617 910 692 sint
927 618 1076 692 viduata
1093 618 1246 718 liquore3

180 732 278 806 Arsi
296 731 415 828 poscis
433 757 573 828 aquam,
592 742 656 806 tua
673 758 768 807 nunc
786 732 978 807 intersecat
998 760 1086 807 arva

179 846 368 944 Limpidus
386 873 428 922 ac
447 846 583 921 vitreus
600 846 740 939 fluvius,
761 859 845 922 sunt
863 875 950 922 arva
967 849 1151 944 coquinae,

180 962 281 1037 Vasa
297 973 437 1037 tument
454 961 624 1058 lymphis.
644 962 683 1037 Si
701 962 774 1035 vini
793 962 920 1059 pocula
937 965 1064 1060 poscis,

181 1077 265 1150 Non
281 1103 348 1176 ego
367 1104 445 1151 sum
464 1103 591 1174 canpe,
610 1077 888 1175 redimendaque
906 1078 1024 1153 dulcia
1041 1079 1125 1156 vina

182 1191 314 1269 Oblato
331 1192 458 1290 pretio.

281 1307 349 1406 (F.)
370 1308 465 1401 Noli,
486 1308 672 1384 carissima
689 1307 852 1400 Gemma,

154 1423 243 1500 tMe
260 1436 425 1520 torquere
443 1424 513 1516 diu,
533 1423 620 1498 mihi
639 1421 771 1520 pocula
789 1423 890 1498 trade
909 1423 1046 1500 salutis

280 1537 357 1634 (G.)
375 1538 431 1611 Tu
448 1538 574 1634 regina
585 1538 703 1635 jubes,
724 1537 856 1612 ancilla
873 1566 941 1635 ego
961 1566 1069 1637 pareo
1088 1541 1201 1632 dietis,

182 1651 365 1728 Venemur
382 1653 531 1750 lepores,
550 1652 845 1751 expellamusque
864 1652 1015 1751 lepores.

182 1767 365 1843 Attollunt
382 1768 560 1866 placidam
578 1780 755 1844 nocturna
772 1768 914 1843 silentia
932 1783 1098 1863 mentem,

184 1881 396 1958 Sollicitudo
414 1885 548 1981 procul,
569 1885 735 1980 graviora
751 1885 898 1980 negotia
916 1912 1036 1960 curae.

181 1997 286 2073 Mens
302 1999 470 2074 immersa
487 1999 574 2092 Dec,
595 1999 781 2074 conclavia
797 2011 919 2074 nostra
937 2012 1111 2097 petamus,

183 2115 301 2191 Oorda
318 2142 443 2213 preces
460 2115 578 2207 edant,
599 2114 778 2213 edantque
796 2115 960 2190 sonantia
977 2117 1102 2213 vorba3

182 2230 378 2306 Intervalla
395 2257 543 2328 precum
561 2231 634 2315 (me
652 2257 746 2305 nunc
766 2230 939 2327 intellige,
961 2230 1119 2317 Flora)...

183 2346 379 2422 Intervalla
396 2346 551 2443 placent,
571 2345 660 2420 haec
679 2346 871 2422 intervalla
888 2346 1103 2420 dabuntur...

281 2460 353 2560 (F.)
374 2461 486 2555 “Lux,
507 2461 612 2554 oculi,
633 2462 806 2554 vitruml„
828 2461 982 2558 sapienti
1001 2489 1130 2559 pauca,
1151 2462 1322 2561 voluptas

182 2578 409 2676 Unaquaque
427 2577 484 2652 die
502 2588 645 2652 tantum
662 2604 836 2652 renovare
855 2577 1024 2651 laborem.

277 2695 355 2788 (G.)
375 2693 452 2767 Pax
469 2693 505 2765 in
523 2693 631 2767 corde
649 2703 721 2786 tuo,
741 2719 786 2768 ne
804 2692 925 2767 turbet
943 2690 1053 2767 corda
1071 2693 1259 2786 tumultus,

182 2808 273 2885 Esto
291 2836 356 2908 par
374 2809 480 2900 amni,
501 2808 653 2904 placidis
671 2808 732 2906 qui
751 2808 883 2882 labitur
900 2807 1014 2899 undis

183 2923 255 3000 sed
273 2952 345 3000 non
362 2924 522 3018 torrenti,
544 2923 603 3020 qui
621 2922 789 2998 fluctibus
807 2923 926 2997 obruit
944 2950 1041 2998 arva.

183 3039 222 3115 Si
240 3041 376 3116 vitreus
394 3041 510 3138 fugiat
527 3065 592 3136 per
608 3039 773 3135 gramina
791 3038 941 3136 pinguia
956 3039 1064 3131 rivus,

183 3155 313 3231 Omnia
331 3181 418 3230 saxa
436 3153 547 3244 vides,
568 3181 658 3251 quae
676 3153 810 3251 proluit
828 3153 933 3249 unda,
952 3153 1126 3246 latebunt,

183 3271 221 3346 Si
239 3271 428 3346 turbentur
446 3296 570 3367 aquae.
591 3268 740 3344 Calamo
758 3280 908 3367 peccata
925 3295 1081 3362 recense,

181 3387 410 3462 Incrementa
428 3384 504 3459 dies
521 3383 651 3459 referet
668 3384 800 3460 collata
816 3384 897 3458 diei.

281 3501 352 3598 (F.)
371 3499 425 3576 Ut
441 3499 578 3573 nivium
597 3498 709 3574 moles
729 3525 878 3575 excussa
896 3499 1085 3574 cacumine
1105 3501 1237 3574 montis

181 3617 345 3692 Vertitur
362 3616 399 3689 in
417 3641 603 3713 praeceps,
623 3615 718 3689 vires
736 3615 889 3712 acquirit
907 3614 1039 3689 eundo:

182 3730 253 3820 Sic,
274 3730 359 3806 dum
377 3731 488 3805 verba
504 3729 603 3822 facis,
624 3741 688 3804 tua
705 3729 861 3827 pondere
879 3729 990 3803 verba
1008 3741 1229 3805 tumescunt.

278 3843 351 3943 (G.)
371 3845 455 3920 Non
471 3872 538 3943 ego
555 3856 592 3920 te
610 3844 733 3941 dcccc,
752 3844 815 3920 sed
831 3843 987 3918 numinis
1004 3870 1065 3922 ore
1083 3845 1250 3920 docemur

180 3961 326 4037 Omnes.
345 3960 416 4059 Eja
434 3986 541 4054 soror,
562 3961 655 4057 fugit
672 3958 907 4035 irrevocabile
925 3969 1079 4056 tempus,

178 4077 250 4152 (lor
266 4075 418 4152 flammis
437 4075 563 4168 caleat,
584 4075 684 4150 Deus
702 4102 794 4150 unus
813 4075 941 4172 dignus
960 4101 1089 4168 amore,

177 4192 266 4268 Vita
282 4191 411 4284 brevis,
430 4217 511 4267 mea
529 4190 637 4266 Flora
654 4217 761 4265 soror.
