2962 4742
193 198 247 252 430
671 205 884 262 CARMINUM

193 395 304 484 Arva,
324 391 453 489 quibus
470 416 611 488 gnavus
629 391 735 466 docta
751 403 857 466 cavet
875 403 951 468 arte
971 391 1130 466 colonus.

191 507 330 583 Evellit
347 507 480 599 lolium,
501 506 629 604 glebae
648 509 863 606 subiguntur
881 520 1010 605 aratr0,

194 621 341 698 Semina
357 623 467 698 tradit
486 623 603 715 humo,
624 624 777 721 pingues
796 624 959 699 oriuntur
977 609 1120 699 aristae.

193 738 282 830 Quis
299 738 412 814 flavas
430 750 573 836 segetes
590 739 832 836 locupletibus
850 739 974 815 intulit
991 739 1111 836 agris?

193 854 300 930 Unde
311 854 421 951 jubar
439 853 547 930 solis?
563 855 660 930 calor
678 854 795 930 unde?
812 856 891 952 quis
910 855 1034 929 imbris
1053 867 1089 928 et
1107 881 1215 929 aurae

193 970 353 1045 Auctor?
370 969 452 1044 Erit
471 997 611 1067 semper
630 997 735 1044 verus
753 971 853 1045 Deus
872 971 950 1069 ipse
968 970 1136 1045 colonus!

195 1084 348 1184 Saepius
365 1085 548 1161 ardentem
569 1086 690 1183 spicas
710 1086 931 1161 succendere
950 1086 1062 1160 solem

193 1197 382 1296 Novimus,
404 1201 534 1276 effusos
552 1202 685 1276 imbres
702 1212 865 1276 evertere
882 1229 1047 1294 messem,

193 1312 378 1389 Grandine
396 1316 586 1414 praecipiti
605 1317 739 1390 vastari
758 1316 873 1392 culta!
894 1317 974 1414 quis
992 1317 1165 1413 (inquam)

193 1428 365 1505 Crescere
383 1458 497 1528 grana
508 1433 638 1529 jubet?
657 1431 696 1506 Si
714 1432 802 1506 talia
818 1431 925 1506 corde
943 1431 1095 1523 volutes,

192 1543 223 1617 F
226 1545 339 1622 undes
357 1573 417 1621 ore
436 1575 574 1645 preces,
593 1548 834 1645 miserumque
852 1547 1022 1622 fateberis
1040 1573 1119 1621 esse

192 1659 255 1753 Te,
276 1661 359 1737 licet
376 1664 546 1738 uberibus
563 1674 772 1759 turgescant
789 1661 917 1736 horrea
935 1662 1057 1736 lucris.

288 1777 425 1853 Hortos
443 1778 546 1854 collis
564 1778 683 1871 habet,
704 1804 924 1876 proceraque
943 1777 1124 1874 prominet
1142 1777 1259 1873 arbos,

193 1889 356 1969 Truncus
377 1895 453 1992 agit
470 1920 599 1987 ramos,
620 1894 833 1968 decorantur
850 1892 1044 1983 frondibus,
1065 1918 1152 1966 ecoe

193 2005 290 2096 Quot
307 2007 447 2085 fructus
464 2011 595 2100 insunt,
615 2009 737 2107 magni
755 2009 921 2106 gratique
940 2008 1080 2106 palato!

191 2122 310 2198 Arbos
327 2116 421 2199 unde
438 2125 528 2199 tibi?
544 2151 660 2199 11011111
679 2136 734 2199 111
751 2123 915 2198 mirabile
933 2124 1065 2197 donum

190 2239 361 2314 Auctoris
378 2267 506 2332 rerum,
527 2267 634 2339 quem
651 2241 809 2314 vidimus
827 2267 905 2314 esse
923 2238 1114 2316 colonum?

192 2353 262 2444 Qui
280 2381 375 2429 nunc
395 2367 450 2430 est
468 2356 596 2431 olitor?
612 2383 684 2430 non
702 2356 842 2431 tollitur
860 2355 965 2430 arbor
982 2355 1019 2429 in
1036 2353 1149 2446 hort0,

192 2468 293 2560 Quae
312 2482 453 2548 crescat
472 2473 606 2548 virtute
624 2483 696 2565 tua,
717 2472 924 2547 dominatur
942 2471 1069 2564 eidem,

193 2585 308 2677 Quem
326 2614 434 2681 mare,
455 2614 561 2685 quem
579 2599 724 2684 pratum
744 2587 927 2663 dominum
946 2596 1164 2660 venerantur
1182 2597 1219 2660 et
1238 2613 1336 2662 arva.

192 2701 231 2776 Si
243 2702 374 2799 jubeat
389 2729 531 2796 numen,
553 2703 729 2801 spoliatur
746 2701 933 2777 frondibus
951 2702 1067 2797 arboS,

192 2819 305 2895 Poma
321 2831 442 2919 negat,
463 2821 557 2896 carie
575 2820 686 2913 tabet,
706 2820 778 2894 ruit
795 2819 869 2894 icta
887 2818 1044 2916 bipenni,

191 2933 358 3012 Fulmina
376 2933 585 3034 conflagrat,
603 2935 846 3034 nequidquam
866 2934 982 3031 frigus
1000 2945 1036 3008 11
1054 2933 1216 3008 umbram

191 3050 359 3144 Quaeres,
380 3052 478 3140 illa...
498 3053 581 3126 fuit!
604 3051 760 3127 Domino
779 3050 912 3125 servire
930 3061 1121 3142 memento,

190 3164 246 3238 Tu
263 3192 335 3241 non
352 3194 391 3242 11
408 3167 600 3243 Dominus!
619 3209 669 3222 —-
686 3166 748 3242 sed
766 3193 861 3240 nunc
880 3151 1044 3241 accedite
1060 3164 1203 3240 flores...

190 3280 355 3356 Candida
373 3309 438 3357 vos
456 3283 600 3359 adamat
618 3284 731 3381 virgo,
752 3282 899 3379 fulgetis
916 3282 953 3354 in
972 3307 1043 3373 ara,
1077 3325 1081 3337 ι

190 3397 397 3474 Mensarum
414 3400 616 3497 tumulique
635 3400 757 3492 decue,
778 3398 931 3474 salvete!
952 3398 1071 3472 colore

188 3512 344 3589 Lumina
359 3514 540 3611 mulcetis,
558 3513 729 3590 mulcetis
747 3513 915 3590 odoribus
934 3539 1048 3605 auras,

188 3628 402 3706 Innumerae
421 3631 522 3706 vobis
539 3630 711 3706 formae...
729 3631 995 3728 pulcherrimus
1013 3655 1106 3704 unus

188 3746 266 3823 Vos
278 3747 384 3845 jubet
401 3774 479 3823 esse
497 3747 633 3822 Deus...
652 3760 774 3824 noster
792 3747 893 3822 labor
910 3746 1049 3823 irritus!
1070 3771 1153 3822 ecce

189 3862 306 3939 Nemo
323 3890 423 3939 rosas
440 3864 527 3960 edit,
545 3862 660 3938 violas
679 3874 741 3938 aut
759 3862 870 3938 lilia...
889 3889 1005 3938 nemo.

187 3979 305 4055 Docta
320 3978 442 4078 puella
459 3979 612 4077 quidem,
634 3979 735 4054 vario
753 3979 839 4054 dum
858 3978 974 4053 serica
991 3977 1053 4052 fila

189 4091 324 4171 Ordine
341 4095 538 4190 connectit,
556 4119 637 4168 rara
654 4093 829 4170 mirabilis
847 4105 934 4186 arte,

189 4209 385 4288 Consociat
401 4211 539 4288 flores...
559 4210 703 4286 venalia
720 4222 851 4286 serta...
871 4209 934 4286 sed
953 4209 1045 4284 eheu
