2968 4732
675 219 887 276 CARMINUM

380 407 498 482 Valva
515 407 681 505 pulsatur
698 407 848 504 digito...
868 407 1025 482 vocaris!

380 522 478 597 Mors
497 522 609 614 adest,
630 521 737 616 Tulli,
757 523 853 619 rapit
869 521 933 596 illa
949 549 1109 619 segnem,

381 636 420 712 Si
437 637 669 713 reluctetur...
689 637 892 731 metuenda,
913 637 1019 730 Tulli,

766 753 919 828 Funeris
936 751 1040 827 hora!

651 1195 753 1270 ODE
784 1194 907 1270 XVII.

709 1480 850 1556 MORS.

524 1763 644 1830 Quotidie
662 1768 767 1819 morior.
789 1764 818 1834 (1
838 1763 896 1818 (lor.
917 1763 963 1831 15,
982 1763 1040 1834 31).

253 2031 386 2110 Vivere
404 2061 462 2110 me
480 2033 615 2129 dicunt,
636 2035 698 2140 sed
716 2035 792 2110 vita
809 2077 858 2090 -
874 2034 1064 2110 celerrima
1080 2060 1177 2109 mors
1194 2043 1263 2127 est,

350 2149 528 2226 Continuo
546 2151 691 2226 morior!
712 2150 751 2226 Si
769 2162 882 2248 potes,
903 2150 973 2226 ista
989 2151 1100 2247 nega!

253 2263 477 2364 Principium
495 2267 592 2342 vitae
610 2293 680 2341 non
699 2278 755 2342 est
770 2267 841 2342 nisi
858 2267 985 2342 mortis
1004 2267 1113 2363 origo,

351 2380 577 2480 Unaquaque
595 2382 652 2457 die
669 2409 765 2458 mors
781 2382 870 2457 mihi
887 2382 960 2456 fida
977 2409 1107 2473 comes,

255 2491 406 2593 Semper
423 2495 519 2572 enim
538 2497 681 2572 brevior
699 2498 740 2572 fit
757 2497 843 2591 vita,
863 2507 904 2572 ut
922 2524 1048 2572 cereus
1065 2497 1192 2572 ardens

351 2610 431 2686 Usu
449 2609 629 2709 depascor,
649 2639 707 2687 me
725 2623 828 2688 vorat
845 2611 938 2710 ignis
956 2613 1059 2687 edan.

254 2726 323 2802 Est
339 2726 456 2826 epulis
474 2738 618 2803 exemto
636 2728 757 2821 fames,
779 2728 857 2804 sitis
876 2728 976 2803 arida
992 2739 1091 2825 potu,

350 2843 401 2917 Et
418 2869 563 2917 somnus
580 2854 730 2918 renovat
746 2843 917 2947 membra,
938 2842 1100 2940 relinquo
1118 2854 1248 2936 torum,

255 2957 294 3034 Si
312 2957 480 3034 didicisse
492 2959 610 3056 juvat,
631 2959 660 3033 si
677 2985 764 3034 curo
781 2958 929 3057 negotia
945 2958 1073 3055 fessus,

350 3073 408 3149 Do
424 3074 533 3149 finem
550 3074 678 3150 studiis
695 3059 802 3172 atque
820 3074 941 3150 labore
959 3100 1058 3166 vace,

253 3188 502 3288 Colloquimur
520 3190 608 3265 socii
626 3191 847 3288 redeuntque
866 3190 1008 3266 silentia
1025 3217 1119 3282 cara,

351 3305 423 3381 Ore
439 3303 564 3380 modos
580 3305 668 3402 cieo,
685 3307 825 3404 pectine
843 3306 946 3404 pulso
964 3306 1062 3399 fides,

254 3419 428 3496 Barbiton
445 3448 630 3498 amoveo..
649 3422 853 3497 discrimina
871 3422 986 3497 multa
1004 3421 1175 3518 laborum,

350 3537 548 3613 Intervalla
564 3538 728 3636 placent!
748 3538 846 3613 Mors
865 3548 987 3614 tamen
1005 3565 1077 3613 una
1092 3550 1224 3633 manet,

253 3652 349 3726 Nam
368 3679 509 3752 semper
525 3653 692 3729 morior...
711 3679 782 3728 non
799 3653 874 3728 ulla
893 3664 948 3728 est
965 3655 1139 3751 temporis
1156 3653 1254 3748 hora,

351 3769 440 3843 Pars
457 3769 557 3846 nulla
574 3780 629 3845 est
645 3769 764 3862 horae,
785 3795 892 3866 quam
910 3770 1065 3845 retinere
1083 3797 1221 3868 queam,

253 3883 416 3960 Vulnera
433 3885 520 3961 dant
538 3912 661 3961 omnes
677 3885 795 3979 horae,
815 3896 920 3960 necat
937 3885 1067 3960 ultima
1084 3912 1223 3985 eorpus,

352 4000 482 4076 Omnia
499 4013 731 4099 praetereunt
747 4002 997 4099 intereuntque
1016 4001 1156 4076 statim!

251 4115 352 4192 Ecce
371 4115 488 4190 colore
505 4116 607 4208 uitet,
627 4117 804 4192 demulcet
821 4116 928 4190 odore
945 4115 1048 4188 suavi

351 4231 446 4322 Flos,
466 4257 571 4326 quem
589 4230 739 4328 lympha
755 4232 884 4328 rigat...
910 4228 1103 4324 languidus
1120 4231 1181 4306 ille
1198 4231 1312 4330 perit3
