2930 4734
196 231 249 286 406
674 237 887 293 caatssnult

197 425 334 501 Morbis
351 425 426 501 icta
442 425 546 500 novis
563 425 702 522 agitata
719 423 900 502 doloribus
918 448 1033 523 aequo

197 541 330 617 Omnia
346 540 416 620 fert
432 541 561 633 animo,
576 540 729 637 jamjam
745 540 919 614 moritura
934 541 1077 638 parenti

196 656 382 749 Redditur,
402 668 443 730 ut
459 655 523 730 fiat
540 655 674 730 Christi
691 655 865 752 patientis
882 655 1017 752 imago:

197 771 290 847 Sunt
306 771 455 846 humero
472 770 610 864 dextro,
629 771 804 864 manibus,
824 770 929 847 lateri
948 771 1172 870 pedibusque

196 886 387 985 Stigmata,
407 898 491 963 sunt
507 886 629 984 capiti,
650 886 756 960 vivus
772 913 878 962 cruor
894 887 1061 961 omnibus
1079 887 1165 961 exit.

197 1001 309 1078 Sexta
326 1027 467 1100 quaque
485 1001 552 1093 die,
572 1027 664 1099 quae
680 1001 707 1076 J
709 1028 773 1077 esu
791 1001 915 1077 lunera
933 1001 1057 1095 clarat,

195 1118 238 1193 In
256 1118 396 1194 coelum
413 1115 562 1215 rapitur,
581 1127 725 1214 spectat
744 1116 918 1192 coelestia
935 1117 1054 1215 virgo:

196 1234 339 1332 Corpus
357 1233 462 1325 iners,
483 1231 579 1307 oculi
596 1243 749 1329 torpent,
769 1231 963 1307 immobilis
980 1231 1113 1326 haeret,

196 1349 290 1426 Sunt
307 1374 412 1423 aures
430 1348 568 1440 surdae,
588 1372 659 1422 non
676 1347 752 1421 ulla
770 1346 951 1422 doloribus
969 1349 1056 1423 atris

195 1464 360 1539 Membra
378 1473 514 1561 patent,
534 1461 643 1538 horae
661 1462 984 1560 praeterlabuntur,
1003 1475 1040 1539 et
1057 1463 1119 1538 uni

194 1579 310 1678 Virgo
327 1580 406 1654 Deo
423 1578 529 1674 vivit;
548 1577 732 1652 fodiuntur
749 1589 893 1675 tergora
910 1578 1038 1671 cultro,

193 1697 317 1794 Atque
334 1721 461 1770 manus
477 1693 679 1769 terebratur
697 1719 777 1788 acu,
796 1719 861 1790 par
879 1693 981 1792 virgo
998 1737 1047 1748 -
1064 1693 1267 1770 columnae.

194 1810 285 1886 Visa
302 1809 454 1908 probant
471 1807 613 1901 medici,
632 1820 816 1906 nequeunt
833 1808 1035 1906 expendere
1052 1836 1194 1905 causas,

194 1927 329 2001 Nescia
347 1926 449 2023 virgo
467 1925 549 2018 cibi,
569 1935 676 2022 potus
694 1934 730 1998 et
745 1924 870 1998 nescia
887 1923 987 2021 lecti3

194 2041 339 2117 Robora
356 2042 443 2117 dant
457 2065 552 2133 arae,
573 2066 643 2138 quo
662 2065 803 2137 semper
822 2038 990 2134 vescitur,
1010 2041 1152 2137 Agnus.

194 2157 305 2236 Certa
320 2157 418 2249 fides,
438 2156 603 2231 dubitare
620 2154 730 2247 nefas,
751 2167 788 2229 et
805 2155 929 2230 nescio
947 2181 1041 2247 vere,

193 2273 293 2350 Num
311 2273 425 2370 possit
442 2272 586 2370 pulsare
604 2270 698 2346 fores
716 2269 964 2347 vehementior
980 2272 1083 2347 ictus.

291 2389 362 2482 (O.)
380 2389 516 2485 Magna
532 2387 652 2463 crucis
670 2388 794 2481 virtus,
815 2388 953 2463 invicta
970 2388 1134 2485 potentia
1150 2401 1291 2487 raptus
1430 2449 1431 2454 ,

193 2503 389 2602 Divinique
407 2503 495 2579 cibil
514 2503 852 2600 majoribus'abdita
869 2503 1059 2601 quondam,

192 2620 243 2696 Et
260 2620 362 2696 nobis
381 2620 525 2694 demum
542 2629 701 2694 reserata
717 2619 944 2716 nepotibus...
963 2620 1060 2696 ictus

192 2735 265 2811 Hic
284 2745 406 2832 posset
424 2732 619 2809 vehemens
636 2732 780 2811 clausas
798 2745 958 2810 evertere
976 2736 1114 2811 valvas.

290 2849 359 2938 (Ρ.)
378 2849 532 2924 Falleris
548 2893 597 2903 —
614 2848 791 2925 accedunt
808 2850 923 2945 multi,
942 2851 1006 2926 sed
1023 2851 1144 2928 nobile
1162 2853 1311 2951 quidam

192 2965 401 3064 Prodigium
419 2965 574 3041 occultis
590 2965 730 3040 malunt
748 2965 950 3043 adscribere
967 2967 1096 3064 causis,

191 3083 242 3156 Et
259 3081 394 3156 fraudis
412 3081 547 3157 tacitae
564 3081 710 3179 quidam
728 3081 885 3178 vestigia
903 3095 1091 3179 quaerunt,

191 3196 387 3272 Illusamve
404 3207 534 3293 putant
550 3196 682 3272 mentis
699 3196 848 3272 levitate
866 3197 1035 3294 puellam.

209 3397 212 3404 ,
289 3312 363 3398 (O.)
382 3311 413 3389 O
431 3312 581 3388 miseros
598 3312 778 3402 hominesl
797 3313 919 3388 oculos
937 3313 1120 3404 claudunt,
1140 3315 1298 3415 ideoque

191 3427 284 3504 Esse
299 3440 434 3525 negant
451 3429 574 3504 solem.

288 3544 360 3630 (P.)
377 3544 555 3620 Dominus
566 3544 673 3642 jubet
691 3544 784 3620 ostia
801 3543 910 3642 pandi

190 3658 241 3734 Et
258 3659 371 3757 digito
388 3672 425 3736 et
442 3660 562 3754 verbo,
582 3660 645 3736 sed
663 3687 735 3736 vox
752 3683 824 3735 non
841 3659 955 3737 fertur
972 3661 1019 3736 ad
1036 3687 1150 3757 aures,

190 3774 289 3850 Ictus
305 3801 378 3850 non
393 3775 505 3851 fertur
523 3776 663 3874 digiti...
683 3775 857 3852 conclave
874 3777 1034 3852 tumultu

190 3888 370 3990 Oppletur
388 3890 573 3983 scelerum,
593 3917 659 3968 noc
678 3891 823 3968 cardine
840 3891 949 3968 valva
966 3903 1143 3968 movetur.

191 4005 388 4082 Surdorum
405 4017 460 4082 est
477 4007 604 4105 ingens
620 4033 800 4101 numerus,
820 4007 1000 4084 sententia
1016 4009 1103 4084 trita
1120 4019 1192 4086 est:

190 4120 382 4220 Principiis
399 4122 514 4220 obsta,
533 4149 611 4197 sero
628 4121 805 4198 medicina
821 4134 978 4221 paratur,

190 4237 230 4315 Si
247 4237 364 4338 longis
382 4240 527 4316 crevbre
544 4238 654 4314 moris
671 4249 889 4336 peccata-
905 4248 1056 4337 negaret
