2962 4742
169 221 225 278 452
649 226 864 284 CARMINUM

171 417 330 494 Prosunt
346 441 447 491 arma
463 440 621 513 precum,
640 424 793 513 prosunt
805 412 947 512 jejunia
964 411 1094 490 multa!

268 531 372 608 Haec
390 530 513 607 docuit
530 529 714 607 Christus:
733 556 799 606 nos
817 529 924 606 decet
941 531 999 629 eja
1016 531 1118 629 sequi

172 646 391 723 Hortantem
409 645 642 721 Dominum...
661 644 807 722 dabitur
824 644 979 722 victoria
994 645 1107 740 nobis,

267 761 579 860 Temporibusque
597 760 699 838 dabit
716 761 841 837 laurea
858 773 955 837 serta
971 760 1089 836 Deusi

171 876 260 953 Vita
277 877 378 954 volat
395 877 533 975 pernix,
554 887 640 952 sunt
657 875 761 952 cunis
779 875 945 974 proxime
961 875 1084 952 busta:

269 994 347 1069 Nos
364 1019 535 1069 mansura
551 1004 687 1069 vocant
704 992 780 1068 otia
797 1018 883 1068 cara
900 991 987 1069 Dei!

173 1107 327 1206 Sylvula
342 1134 408 1186 nos
426 1136 551 1185 omnes
567 1108 674 1183 hodie
692 1107 950 1207 complectitur
966 1134 1053 1184 una:

269 1223 306 1298 N
308 1251 348 1299 cs
365 1251 490 1300 omnes
507 1224 631 1322 capiat
647 1223 804 1299 numinis
822 1223 919 1299 alme
935 1223 1080 1300 domusi

173 1337 291 1415 Nemo
309 1337 404 1414 absit
420 1339 637 1415 nostrumi...
657 1336 730 1414 Sed
747 1363 818 1432 uon
837 1336 917 1414 heic
934 1338 1105 1415 adsumus
1124 1364 1270 1416 omnes:

270 1452 461 1552 Novimus,
479 1453 552 1530 heu
569 1453 700 1530 fratres
717 1452 931 1530 occubuisse
949 1453 1047 1548 duos,

177 1567 296 1643 Nemo
313 1567 408 1646 fores
426 1567 517 1644 coeli
535 1579 712 1667 penetrat,
731 1568 801 1644 nisi
818 1568 974 1644 candida
990 1569 1104 1645 vestis

271 1682 437 1760 Eniteati
457 1683 620 1760 Maeuiae
637 1683 774 1761 torrida
790 1683 937 1759 flamma
954 1684 1072 1761 levati

175 1797 299 1893 Parce,
319 1800 431 1898 Deus,
450 1799 555 1877 sociis
570 1842 621 1855 -
637 1799 736 1897 Agui
755 1810 925 1898 superata
941 1827 1069 1876 cruore

271 1914 439 1990 Flamma
455 1925 584 2014 potens
601 1916 723 1992 cedat!
743 1914 888 1990 Limina
904 1916 1023 2014 pande
1040 1916 1132 2014 poli!

175 2029 315 2107 Felices
331 2041 455 2107 tecum
472 2059 615 2131 semper
633 2031 835 2130 spatientur
851 2031 889 2107 in
906 2030 1020 2126 hortu,

273 2146 564 2246 Fragrantesque
581 2175 681 2226 rosas
699 2158 828 2246 carpat
845 2147 964 2224 amica
980 2149 1125 2225 manus!
