2968 4732
529 225 649 280 mann
682 224 861 295 colurus

322 412 470 489 Excitat
488 410 606 486 cordis
624 411 724 487 Deus
741 441 834 488 unus
852 415 963 512 ignee,

322 529 359 602 N
361 528 449 602 utrit
467 527 533 602 hos
550 527 656 621 idern,
676 555 872 625 generosus
891 531 993 634 offert

323 643 473 718 Gratiae
491 643 635 740 donum,
654 645 843 744 calefitque
862 661 985 723 sancto

713 761 996 838 &mmm

322 993 396 1068 Dat
414 993 619 1069 sacerdotes
636 993 752 1068 bonus
769 993 830 1098 ille
849 995 977 1069 Pastor

258 1161 262 1168 -
322 1109 372 1183 Et
391 1109 491 1206 pium
508 1120 648 1207 patrem
664 1109 886 1207 uigilemque
904 1120 1067 1204 matrem,

323 1223 408 1321 Ipse
427 1224 489 1298 dat
507 1251 621 1300 sese...
642 1225 784 1323 potiora
802 1226 896 1304 dona

713 1341 802 1431 Quis
821 1341 913 1415 ferat
930 1345 1111 1439 unquam?

322 1572 453 1648 Arbori
471 1572 531 1647 lex
549 1584 614 1665 est,
636 1571 842 1647 dominatur
859 1600 945 1648 una:

322 1687 391 1763 Est
408 1686 516 1762 homo
534 1688 633 1780 liber,
655 1689 818 1786 sequitur
835 1700 1041 1764 moventem
1065 1785 1068 1790 Ι

324 1803 472 1902 Sponte,
491 1803 696 1878 cordurum
714 1802 870 1878 Domino
888 1804 1044 1879 trahenti

713 1918 850 2017 Sponte
868 1920 1014 1995 resistit.

323 2148 446 2222 Robur
462 2148 499 2221 in
515 2158 655 2243 truncO,
672 2148 834 2222 rabidam
853 2148 1045 2245 procellam

323 2263 445 2338 Vincit
462 2263 623 2347 illaesus:
643 2263 773 2338 fremat
793 2290 876 2338 acer
890 2264 1012 2357 hostis,

185 2375 187 2380 ’
322 2379 390 2454 Est
408 2405 508 2453 amor
525 2379 637 2473 fortis,
658 2377 787 2476 clypeo
805 2379 965 2453 retundit

712 2495 909 2569 Daemonis
927 2494 1030 2570 ictus.

322 2726 473 2801 Arboris
490 2738 616 2802 trunco
633 2738 939 2824 generantur'uno

215 2855 219 2864 '
323 2843 473 2917 Plurimi
491 2842 595 2916 rami:
614 2842 710 2940 parit
728 2869 800 2916 una
817 2853 933 2917 mater

323 2958 477 3054 Caritas,
495 2957 617 3056 plures
635 2958 798 3031 oriuntur
815 2984 888 3031 una

714 3073 835 3170 Stirpe
854 3097 1002 3148 sorores.

322 3305 515 3381 Fructibus
532 3305 622 3380 rami
640 3304 863 3400 decorantur,
882 3303 977 3378 idern

323 3424 391 3498 Est
408 3421 505 3498 color
522 3422 661 3498 cunctis
678 3421 873 3519 parilisque
891 3420 1019 3494 forma:

323 3540 375 3614 At
393 3539 512 3613 ferunt
529 3538 646 3612 almae
664 3537 764 3611 vario
782 3536 904 3610 labore

713 3652 834 3727 Lucra
852 3676 1001 3727 sorores.

324 3885 429 3960 Haec
446 3912 573 3983 preces
591 3884 724 3982 fundit,
743 3883 811 3958 luit
828 3881 891 3956 illa
907 3907 1052 3980 poenas,

325 4002 375 4078 Et
393 4013 515 4077 secant
532 4013 692 4100 pontum,
713 4001 954 4100 gregibusque
973 4011 1158 4098 praesunt,

326 4118 499 4193 lmbuunt
515 4128 664 4210 mentes,
684 4117 894 4192 relevantve
913 4115 1067 4212 morbos,

715 4232 809 4308 lura
826 4243 983 4306 tuentur.
