2968 4732
661 226 876 282 CARMINUM

337 413 419 487 Hoc
433 413 540 511 jungi
559 413 673 488 voluit
691 414 837 489 condita
855 412 1000 490 vinculo

336 530 435 603 Patri
453 528 605 603 Flamen
622 530 752 603 Amor!
773 529 928 604 Vincula
946 528 1083 604 dulcia!

336 646 546 720 Pax-terrae
565 672 606 719 ac
626 644 778 719 homini!
799 672 870 742 pax
890 644 1025 719 homini
1044 671 1086 719 ac
1105 644 1201 721 Deo!

433 761 465 836 O
484 760 693 835 dulcissima
712 760 872 834 vincula!

333 992 467 1067 Factus
484 991 634 1067 consilio
651 992 810 1066 numinis
828 991 970 1089 integer

333 1108 434 1182 Idem
452 1109 589 1206 primus
607 1108 714 1183 homo
732 1108 856 1182 debuit
873 1108 1014 1204 integer

334 1224 530 1322 Extemplo
538 1222 628 1321 fiori
640 1223 787 1299 consilio
806 1250 886 1320 su03

430 1339 543 1413 “Sum
561 1339 691 1434 factus,
709 1337 787 1413 fieri
805 1338 928 1431 volol„

330 1572 399 1646 Est
417 1570 476 1646 hic
497 1598 614 1646 sermo
632 1583 797 1668 potens...
815 1571 935 1669 poscit
953 1599 1043 1668 opus
1061 1571 1129 1646 Dei

329 1685 525 1762 Libertatis
543 1689 655 1784 opus!
676 1714 784 1786 poma
801 1698 902 1762 vetat
919 1688 1019 1762 Deus

329 1803 578 1900 Tentatusque
598 1804 697 1878 cadit
715 1803 852 1901 primus
870 1803 977 1877 hoino
996 1803 1087 1877 vafri

425 1918 611 2017 Deceptus
629 1918 767 1994 colubri
786 1917 877 1993 dolo,

326 2150 533 2225 Turbantur
550 2149 641 2224 radii
659 2149 818 2241 crimine,
839 2148 963 2223 circuli

326 2264 430 2338 Felix
449 2266 535 2339 ordo
552 2265 633 2357 ruit,
656 2262 810 2340 classica
828 2275 1072 2362 perstrepunt:

323 2381 447 2455 Armis
463 2407 597 2455 numen
615 2380 733 2476 hom0‚
752 2391 849 2454 terra
866 2381 1047 2455 hominem
1065 2381 1192 2479 petit...

422 2496 454 2572 O
473 2496 680 2594 spectacula
697 2497 832 2571 tristia!

323 2729 398 2805 Cur
414 2738 609 2804 nectuntur
631 2728 748 2804 adhuc
771 2755 931 2826 corpora,
952 2729 1121 2827 spiritus?

321 2847 476 2920 lllortem
494 2871 566 2919 non
585 2845 745 2941 sequitur
761 2849 881 2919 mors?
901 2844 988 2941 (fore
1006 2846 1184 2922 vindicem

320 2962 427 3038 Hanc
447 2961 539 3034 dixit
557 2959 703 3035 sceleris
713 2961 951 3059 praecriptam
968 2961 1117 3057 Dens)...

418 3076 522 3152 Haec
542 3076 722 3174 stipendia
739 3076 880 3150 nonnisi

320 3309 413 3385 Sunt
431 3305 553 3401 diluto,
570 3319 714 3381 munerat
732 3333 805 3382 una
822 3306 984 3382 homines
1001 3336 1117 3384 cruce:

319 3425 418 3516 Quos
436 3425 511 3500 solo
528 3423 680 3522 imperio
699 3422 910 3498 condiderat
927 3423 1037 3518 Deus,

317 3542 425 3617 Nunc
444 3540 539 3615 idem
559 3538 737 3613 Dominus
755 3539 873 3614 denuo
890 3539 1049 3614 condidit

415 3656 559 3754 Ingenti
577 3656 705 3730 merito
722 3655 846 3730 crucis

317 3890 417 3963 “Pax
434 3899 550 3963 terrae
568 3915 610 3963 ao
630 3887 774 3982 homini,
794 3915 867 3986 pax
885 3887 1021 3963 homini
1040 3916 1080 3965 ac
1097 3888 1217 3983 Deot„

314 4005 399 4079 Non
415 4004 570 4078 mutabit
587 4003 695 4078 homo
713 4001 902 4077 consilium
920 4002 1006 4078 Dei!

313 4121 411 4196 Hinc
430 4118 510 4193 tolli
527 4119 655 4194 merito
674 4118 810 4214 crimen
828 4119 996 4216 oportuit,

409 4233 508 4332 Agni
526 4235 702 4331 sanguine
721 4233 824 4332 dilui;
