2962 4742
197 229 252 286 422
674 238 887 294 ansuinum

199 427 230 502 F
233 455 272 503 as
291 454 395 502 omne
414 427 594 525 abrupit...
613 427 730 502 bonus
748 435 869 501 autem
888 426 1047 502 sentibus
1064 427 1165 504 hirtis

198 543 404 618 Exemisset
422 570 527 618 ovem
545 554 680 640 pastor,
699 542 930 640 medicusque
949 542 1106 620 dedisset

197 659 367 734 Balsama
384 659 608 734 vulneribus:
629 659 797 756 lacrymis
814 670 970 754 peccata
987 659 1132 757 piantur
1230 707 1232 715 ·

198 775 328 850 Omnia
344 818 393 829 -
410 774 600 852 confestim
616 817 667 828 -
683 773 840 870 penitus.
859 774 1042 851 Potuisset
1058 777 1095 850 in
1113 779 1240 857 umbra

196 888 357 965 Carceris
374 917 419 965 ex
436 889 509 964 imo
526 889 681 986 suspiria
697 889 827 964 ducere
844 889 952 964 corde

195 1003 329 1098 Victor,
350 1032 470 1080 amore
488 1005 611 1080 calens
627 1005 776 1079 meritas
794 1005 996 1102 expendere
1013 1035 1146 1105 poenas

195 1120 363 1196 Criminis
380 1121 538 1214 ultrices,
559 1121 725 1196 meditari
743 1121 914 1218 temporis
932 1122 1039 1221 hujus

194 1233 414 1312 Immensum
430 1238 598 1335 pretium,
617 1237 693 1312 veri
712 1248 896 1312 certamen
915 1240 1045 1314 amoris

193 1347 339 1426 Discere
357 1353 563 1428 continuo...
581 1352 728 1427 tandem
746 1364 922 1450 purgatus
940 1366 981 1428 ut
998 1381 1124 1431 aurum

192 1463 306 1542 Dives
323 1493 432 1564 opum
448 1467 564 1542 laetus
581 1467 674 1542 coeli
691 1467 937 1566 penetralibus
955 1469 1049 1544 abdi.
1074 1497 1076 1502 ·

193 1579 296 1672 Haec
311 1587 416 1680 parvi
431 1583 523 1657 fiunt
541 1583 719 1680 sapientia
737 1583 880 1658 verba...
900 1583 1062 1671 Viennae

193 1694 418 1796 Unaquaque
436 1698 502 1791 die,
524 1699 553 1774 si
571 1699 663 1773 forte
680 1699 834 1796 pecunia
851 1698 954 1796 desit,

194 1809 233 1885 Si
250 1811 389 1908 Lycida
407 1825 526 1912 spreto
543 1824 692 1913 quaerat
709 1813 865 1890 Galatea
882 1815 1095 1910 Menalcam,

194 1925 240 2002 Se
256 1929 363 2004 morti
379 1929 541 2004 tradunt:
560 1929 734 2005 obstricto
751 1940 903 2028 guttura
919 1930 1012 2005 nodo

192 2041 386 2140 Rumpunt,
406 2056 617 2142 merguntur
632 2045 753 2140 fluvio,
774 2057 996 2144 pereuntque
1014 2073 1163 2142 veneno,

192 2159 448 2235 Comminuunt
465 2153 568 2235 artus*
581 2161 744 2260 oppressi
761 2161 928 2259 pondere,
949 2161 1055 2237 molle

189 2273 388 2352 Excutiunt
404 2276 497 2350 ferro
514 2276 737 2351 cerebrum...

286 2392 356 2489 (F.)
377 2393 575 2490 Fortesque
592 2392 707 2468 videri
866 2473 870 2478 ,

191 2506 307 2606 Saepe
325 2507 460 2603 volunt,
480 2508 575 2608 quod
592 2519 705 2606 agant
722 2509 881 2585 violenta
897 2520 1011 2584 morte
1029 2508 1245 2606 triumphos.

242 2639 248 2728 J
286 2623 355 2722 (Τ.)
376 2624 446 2716 Qui
463 2624 557 2722 fugit
574 2645 773 2719 aerumnas,
793 2625 950 2719 timidus,
969 2625 1006 2698 ni
1020 2625 1133 2719 fallor,
1150 2626 1350 2706 habendus.

284 2740 359 2837 (F.)
378 2740 494 2832 Quem
510 2741 607 2816 mala
623 2767 695 2814 non
713 2741 873 2834 vincunt,
893 2741 952 2817 hic
972 2741 1090 2824 fortis!

284 2855 356 2944 (C.)
374 2855 514 2932 Flebile
532 2857 642 2944 dictu,

187 2971 291 3046 Mens
308 2970 479 3046 hebetata
496 2971 582 3046 mali
599 2961 728 3047 miscet
747 2972 923 3071 quadrata
939 2972 1135 3047 rotundis...

187 3088 286 3163 Num
303 3086 412 3162 fortes
430 3086 581 3185 lepores,
600 3088 775 3180 volucres
796 3087 955 3186 solesque
973 3090 1176 3186 canesque?

185 3203 339 3296 Accede,
360 3213 397 3278 et
414 3201 575 3303 fugiunt!
597 3203 667 3295 Qui
685 3215 847 3302 praestat
863 3204 1000 3297 robore,
1019 3203 1123 3280 miles

185 3322 269 3397 Non
287 3322 348 3397 dat
365 3332 469 3418 terga
485 3321 604 3419 fugae,
625 3332 794 3399 constans
814 3321 1057 3419 patientia-
1073 3321 1206 3395 virtus!

282 3436 355 3534 (F.)
374 3435 495 3533 Serpit
512 3436 590 3510 dira
606 3436 684 3512 lues
702 3437 828 3534 ignota
844 3435 1054 3534 parentibus
1072 3434 1167 3529 olim,

184 3545 413 3628 Incrementa
431 3551 531 3648 capit
543 3589 596 3607 ¹—-
613 3579 705 3651 quae
722 3564 845 3628 tautae
864 3552 976 3650 pestis
993 3551 1117 3650 origo?

281 3668 351 3767 (C.)
369 3667 507 3744 Exulat
525 3668 621 3744 alma
636 3669 726 3744 fides
741 3713 792 3724 -
807 3668 930 3744 ablata
945 3669 1096 3766 pecunia
1111 3709 1161 3722 -·
1181 3667 1318 3767 duplex

182 3784 292 3860 Tanti
308 3809 416 3859 causa
432 3783 529 3859 mali.
549 3783 673 3860 Croesi
690 3795 923 3862 numerantur
940 3795 976 3860 et
995 3784 1080 3859 Iritt

183 3901 251 3976 Iris
268 3899 356 3976 tolle
375 3923 554 3975 crucem...
567 3901 755 3998 jactantur
771 3901 808 3974 in
826 3926 980 3996 aequore
998 3910 1102 3974 vasto

181 4016 333 4094 Vortice
350 4015 544 4112 mergendi.
564 4016 711 4092 Dudum
730 4014 985 4112 languentibus
1003 4014 1071 4090 Iris

179 4131 288 4209 Hanc
306 4157 418 4224 unam
434 4130 597 4207 tabulam
614 4143 733 4210 certae
751 4133 903 4228 rapuere
921 4130 1058 4206 salutis.

179 4246 417 4327 Clandestina
432 4243 568 4341 cohors,
589 4273 672 4345 quw
704 4257 708 4264 ’
742 4257 746 4264 “
820 4245 976 4344 Ἥςίῐητ
993 4247 1087 4340 orbe,
