2972 4738
561 248 680 302 LIBER
709 248 854 302 SEXTUS

118 435 295 534 Virgineo
313 436 436 534 capiti,
458 463 550 533 quae
570 446 655 510 sunt
673 435 928 534 pulcherrima,
949 433 1102 509 tradam.

121 551 360 634 Sertaferent
376 579 509 644 omnes,
530 563 707 649 quotquot
725 552 863 650 pietate
880 549 1071 647 refulgent,
1135 609 1139 620 s

119 667 364 765 Placatusque
383 667 483 742 Deus
501 668 670 742 reducem
689 666 791 740 dabit
808 667 886 764 ipse
906 666 1072 772 salutem.

119 781 201 873 Qua
217 784 356 858 ratione
375 783 521 876 dabit?„
902 859 903 864 ,

218 897 287 996 (P.)
309 898 433 973 “Deus
451 925 544 972 unus
561 899 663 972 novit
682 898 873 990 eandemi„

120 1013 339 1089 Conticuere
357 1014 427 1108 diu,
448 1013 606 1090 facunda
624 1014 768 1090 silentia
784 1013 932 1088 tandem

119 1127 260 1225 Phyllis
278 1155 390 1204 ovans
409 1130 516 1227 rupit,
539 1130 751 1228 palmasque
769 1129 926 1204 tetendit
943 1127 988 1201 ad
1007 1140 1119 1200 astra:

120 1242 176 1318 “O
195 1269 259 1319 vos
277 1245 435 1320 caerulei
454 1244 632 1342 fulgentia
649 1244 787 1320 lumina
804 1244 904 1336 coeli,
1045 1247 1047 1254 '

118 1357 277 1434 Molibus
294 1360 460 1435 immensi
480 1361 573 1435 soles
590 1385 813 1456 numeroque·
829 1357 1008 1434 carentes!

118 1473 257 1548 Multas
274 1502 359 1550 ecoe
377 1476 462 1550 tulit
479 1476 582 1550 vobis
601 1476 646 1549 ab
666 1475 803 1572 origine
822 1473 922 1571 leges
986 1544 991 1552 .

119 1588 292 1665 Conditor
310 1603 488 1684 aeternus,
510 1591 609 1689 leges
628 1590 783 1666 servatis
800 1590 838 1662 in
856 1615 999 1664 aevum.

117 1702 202 1779 Non
219 1705 280 1799 ibi,
301 1707 360 1804 qui
379 1718 483 1781 torvo
502 1705 651 1782 socialia
669 1705 979 1801 vincularumpat

117 1817 285 1917 Imperio,
306 1849 435 1896 secura
453 1822 554 1920 quies
572 1833 610 1896 et
627 1821 793 1895 amabilis
811 1819 914 1895 ordo!

117 1933 212 2010 Vilis
230 1947 327 2011 terra
344 1937 443 2030 mihi,
463 1965 535 2012 non
554 1965 592 2012 es
609 1937 679 2011 nisi
697 1937 840 2033 ligneus
859 1963 967 2026 asser,

118 2048 213 2125 Sunt
230 2051 392 2128 homines
411 2080 546 2151 parvae
564 2053 752 2128 formicae!
773 2051 907 2144 Dicite,
928 2049 1073 2125 stellae!

118 2163 226 2240 Unde
244 2167 356 2242 oritur
373 2169 477 2242 nobis
496 2169 586 2243 haec
606 2178 710 2243 tanta
727 2167 905 2265 superbia,
925 2192 1048 2241 sacras

122 2279 223 2372 Quae
241 2283 353 2358 violet
371 2283 470 2381 leges
488 2283 647 2380 supremi
666 2283 847 2358 numinis?
864 2282 970 2372 Eheu

117 2393 310 2495 Desipieus
327 2400 476 2473 tumidis
494 2398 700 2474 celebratur
718 2398 887 2474 laudibus
905 2398 1048 2493 ectasi„
1136 2403 1143 2424 '

217 2513 402 2611 “Tempus
420 2515 513 2589 edax
530 2542 649 2590 rerum
668 2515 913 2612 praetervolat
932 2541 1045 2611 ocyus
1064 2513 1182 2607 Euris,

118 2625 198 2703 Nec
217 2628 371 2704 redeunt
388 2631 482 2722 anni,
503 2657 560 2705 me
578 2642 679 2706 certa
696 2631 919 2705 Palaemona
937 2631 1054 2704 bustis

118 2745 214 2820 Fata
230 2747 378 2839 dabunt,
399 2773 613 2844 vermesque
633 2746 739 2822 simul
757 2746 859 2820 velut
878 2746 1021 2842 agmine
1040 2746 1136 2820 facto

117 2860 268 2936 Viscera
286 2864 486 2954 corrodent,
506 2862 716 2959 cineresque
735 2861 916 2936 dabuntur
933 2861 970 2934 in
989 2887 1130 2951 auras,

216 2976 385 3053 “Tertius
403 2978 546 3071 accedo,
567 2979 736 3075 precibus
755 2977 901 3052 sociabo
919 2976 1105 3049 Menalcas

119 3089 190 3165 Ore
209 3119 337 3189 preces
355 3105 392 3168 et
410 3093 518 3168 corde
535 3119 627 3184 meo,
648 3092 860 3190 peregrinus
878 3091 997 3184 euntis

116 3205 203 3280 Non
220 3235 392 3306 quaeram
412 3208 509 3282 vitae
527 3207 673 3283 fallacia
691 3207 794 3299 dona,
815 3232 991 3304 perennes

117 3321 178 3396 Me
195 3325 343 3422 rapiunt
360 3325 444 3399 anni
462 3323 603 3398 meliori
622 3334 718 3397 sorte
736 3333 946 3416 vocatum„⁰

217 3437 338 3514 “Vota
355 3440 477 3514 ferunt
494 3438 635 3514 alterna
653 3437 729 3531 sibi,
750 3463 815 3512 sua
833 3437 985 3535 quisque
1002 3437 1133 3510 beatus

117 3553 241 3630 Strata
258 3555 387 3653 petit...
407 3555 527 3630 Sacris
546 3564 767 3651 sparguntur
785 3551 954 3628 odoribus
972 3578 1091 3643 aurae,

117 3668 303 3768 Obstupui
322 3669 468 3767 vidique
487 3696 620 3766 senem,
640 3669 721 3767 pius
740 3694 800 3742 ore
819 3668 988 3754 canebat:

119 3783 281 3863 “Felices
299 3787 450 3879 animae,
470 3786 618 3862 coelesti
636 3785 793 3861 carmine
812 3784 983 3880 dignust„
