2988 4730
572 177 691 232 LIBER
718 177 920 234 SECUNDUS

283 365 368 442 Hae
385 392 457 440 non
475 375 559 440 sunt
577 363 725 458 steriles,
747 376 831 439 sunt
848 364 1029 462 lacrymae
1047 392 1185 463 preces,

284 482 335 556 Et
351 483 466 557 nubes
484 491 656 579 superant
673 492 760 555 vota
777 478 907 574 fidelia,
970 465 972 474 ¹

281 597 335 672 Et
352 596 493 672 reclusa
510 606 639 695 patent
657 595 750 670 ostia
767 595 934 692 carceris,

383 713 433 787 Et
451 721 618 810 spectant
635 711 766 786 faciem
785 711 866 786 Dei.

280 947 320 1020 N
322 972 377 1040 on,
397 972 469 1021 non
487 944 684 1020 dividimur
701 943 863 1019 funere...
883 945 1033 1042 spiritus

280 1061 559 1137 Oonnectuntur
577 1059 706 1154 adhue,
728 1059 900 1134 adsumus
918 1061 1092 1153 omnibus,

279 1177 416 1253 Castus
435 1176 553 1251 fervet
570 1203 679 1269 amor,
700 1174 851 1250 vulnera
868 1174 1023 1250 militum

380 1293 554 1374 Lenimus
572 1291 714 1367 medica
731 1317 852 1365 manu.

278 1527 331 1601 Ni
347 1553 537 1625 possemus
555 1553 659 1624 opem
679 1525 771 1600 ferre
784 1524 1005 1623 jacentibus⁷

276 1641 363 1717 Heu
381 1651 566 1741 torqueret
585 1668 686 1716 amor
705 1640 830 1715 saucia
847 1651 1005 1738 pectora,

276 1759 304 1834 J
307 1785 372 1834 esu
390 1758 507 1833 dulcis
524 1785 602 1852 ave,
623 1783 708 1832 oara
725 1756 835 1831 Fides
852 1766 916 1830 tua

254 1910 260 1918 ’
376 1875 479 1950 Haec
498 1874 628 1950 solatia
645 1901 703 1948 me
722 1873 837 1947 docet.

277 2109 348 2184 Est
365 2107 424 2183 hic
445 2117 593 2183 sanctus
611 2133 707 2204 ager,
728 2105 865 2181 semina
881 2106 1058 2181 messibus

278 2224 373 2300 Sunt
390 2223 470 2299 heic
488 2249 622 2320 sparsa,
641 2223 762 2298 brevis
779 2221 942 2297 membra
960 2249 1066 2320 sopor
1084 2231 1195 2318 tenet,

277 2340 373 2416 Sunt
389 2366 513 2415 omnes
531 2339 672 2436 vigiles,
691 2338 845 2413 buooina
864 2338 949 2412 dum
968 2337 1106 2436 strepit,

373 2456 424 2531 Et
441 2456 629 2555 conjungit
646 2481 747 2531 amor
765 2482 858 2530 suos.

274 2689 417 2765 Victuri
435 2689 619 2784 morimur,
637 2687 753 2762 tristis
771 2687 947 2784 originem

274 2806 374 2880 Mors
392 2805 478 2880 olim
497 2804 608 2878 velita
626 2804 738 2878 traxit
757 2803 802 2878 ab
822 2804 962 2878 arbore:

273 2919 381 2996 Nuno
400 2931 586 3019 prostrata
598 2922 708 3018 jacet,
729 2919 902 2995 victorin
920 2919 1046 2994 arbore

372 3037 527 3112 Mortem
546 3035 752 3136 perdomuit
769 3035 880 3111 Deus.

606 3346 709 3423 orm
736 3345 860 3420 mm.
965 3283 968 3290 ⁷

660 3514 802 3590 ORUX.

126 3690 289 3757 Amudau,
299 3689 364 3740 dum
373 3687 457 3740 lucem
469 3685 580 3753 habetis,
590 3691 682 3738 utnon
691 3702 736 3738 vos
747 3685 865 3738 tenebrae
877 3684 1103 3752 comprehendant.
1117 3685 1148 3757 (J
1150 3704 1191 3742 oa.
1203 3687 1245 3756 12,
1255 3687 1315 3758 35).

380 3835 452 3934 Eja
469 3834 655 3929 laetemur,
675 3845 785 3934 caput
802 3862 847 3910 en
865 3835 1029 3912 draconis

381 3951 512 4027 Sordet
529 3950 668 4043 elisum,
688 3951 807 4050 potior
824 3977 963 4027 veneno

382 4066 578 4164 Sanguinis
596 4067 721 4160 virtus,
742 4067 899 4163 pretium
919 4067 1046 4142 salutis

774 4181 918 4276 Obtulit
936 4184 1087 4280 Agnus·
