2962 4742
546 240 685 295 .LIBER
712 241 903 297 SEPTIMUS

149 427 284 526 Fitque
301 427 389 505 Pius
404 427 553 521 minimi,
571 454 764 526 ramusque
779 427 969 526 repellitur
986 426 1090 504 eheu.

251 542 282 620 O
301 544 377 641 Pie,
395 544 479 619 vive
497 543 568 638 diu,
588 555 629 618 tu
647 554 780 619 nautae
799 543 898 620 sidus
916 544 1084 638 amicum,

151 657 209 733 Tu
228 659 392 756 precibus
410 659 649 759 lacrymisque
666 659 739 735 tuis
757 680 950 758 compesce
969 658 1126 735 furorem

152 773 334 850 Commoti
351 773 481 872 pelagi,
500 774 603 849 nobis
621 786 659 848 ta
675 773 785 850 redde
804 773 975 850 salutem!

252 889 327 988 (V.)
345 889 414 965 Est
431 888 519 966 Pius
536 889 605 965 hoc
622 916 712 965 aevo
729 889 819 967 coeli
837 890 1070 968 memorabile
1088 890 1256 966 donum...

151 1005 185 1082 Ο
203 1005 280 1101 Pie,
299 1005 382 1082 vive
400 1006 477 1081 diul

250 1121 321 1212 (J.)
338 1121 442 1198 Ooeli
460 1121 691 1198 memorabile
709 1123 877 1200 donum...

153 1235 186 1313 Ο
204 1236 279 1331 Pie,
299 1237 382 1314 vire
400 1237 471 1331 diu,
491 1237 635 1337 populis
653 1251 691 1312 ta
707 1238 817 1314 redde
836 1237 1008 1314 salutem!

153 1351 227 1428 Sed
243 1352 366 1428 redeat
383 1351 587 1428 Christus...
606 1352 709 1430 coelo
728 1353 904 1430 demissus
922 1354 967 1456 ab
985 1352 1060 1430 alto

151 1467 224 1544 Tot
239 1467 337 1543 mala
353 1495 556 1568 perpessus,
575 1470 778 1568 montisque
797 1472 941 1546 occisus
959 1469 996 1544 in
1014 1496 1076 1545 ara

152 1582 285 1659 Omnia
300 1584 413 1660 totius
431 1583 566 1662 delevit
582 1585 733 1661 crimina
749 1586 874 1661 mundi

151 1697 346 1796 Sanguine,
367 1726 474 1799 quem
491 1700 595 1776 fudit.
614 1701 704 1793 Quis
720 1702 814 1777 tanti
832 1701 975 1800 pondus
992 1699 1124 1777 amoris

152 1814 356 1890 Aestimat?
373 1815 471 1892 Ecce
487 1816 609 1893 insons
627 1843 692 1915 pro
709 1817 872 1892 sontibus
894 1815 1059 1892 omnibus
1077 1841 1169 1891 unus

150 1928 311 2004 Mortem
329 1929 426 2025 obiit,
446 1931 601 2007 sociavit
617 1959 704 2007 oves
722 1931 798 2007 sine
816 1930 897 2028 lege
915 1942 1103 2029 vagantes.

151 2043 212 2117 En
229 2044 364 2120 virtute
381 2046 504 2142 crucis,
524 2046 611 2122 dum
628 2046 727 2122 fonte
745 2047 978 2140 renascimur,
999 2073 1123 2122 omnes

150 2158 291 2236 Abluta
303 2160 410 2259 culpa
426 2162 594 2237 candenti
612 2172 714 2238 veste
730 2163 899 2240 nitemus.

152 2273 354 2351 Fortunata
371 2277 448 2352 dies
465 2276 569 2352 nobis
585 2276 779 2353 recolenda
796 2305 860 2375 per
877 2304 1019 2353 aevum.

251 2389 325 2489 (V.)
345 2389 506 2467 Infantes
523 2391 667 2488 obeunt,
687 2419 752 2500 nec
769 2404 888 2468 tracta
905 2393 948 2467 ab
967 2391 1104 2490 origine
1121 2392 1221 2468 labes

152 2505 348 2604 (Horresco
365 2506 534 2604 referens)
555 2534 658 2583 sacro
677 2520 732 2584 est
749 2508 892 2585 detersa
909 2508 1065 2605 lavacr0,

151 2621 204 2697 Et
220 2623 324 2698 multi
342 2622 467 2722 populi
486 2636 703 2700 venerantur
720 2625 870 2700 numina
885 2625 982 2718 ficta,

151 2739 233 2815 Nec
251 2752 372 2816 vestes
389 2741 510 2816 lavere
529 2767 612 2816 suas
629 2741 839 2817 lustralibus
857 2742 972 2817 undis

250 2855 324 2952 (R)
343 2857 469 2933 Oaricr
486 2883 572 2954 ergo
589 2856 678 2931 mihi
696 2857 814 2932 cordis
832 2856 1018 2932 renovatio
1036 2855 1162 2954 prima.

151 2969 263 3045 Unda
280 2970 380 3046 dedit
395 2998 534 3064 nomen,
554 2999 626 3046 non
644 2984 699 3048 est
716 2971 784 3047 hoo
805 2999 936 3048 nornen
952 2972 1072 3046 inane:

152 3084 334 3184 Exemplo
352 3085 479 3162 Sancti
497 3087 632 3163 dudum
652 3087 822 3186 praeiere,
843 3114 1042 3186 sequamur,

152 3200 231 3278 Nos
249 3202 383 3277 virtute
401 3229 548 3301 precum
567 3229 709 3301 semper
726 3204 945 3279 comitantur
962 3215 1100 3279 euntes.

153 3316 212 3392 Sit
222 3318 314 3415 justi
331 3317 357 3393 J
360 3319 480 3393 ustina
496 3329 615 3413 tenarr,
636 3318 797 3394 Victoria
814 3319 946 3414 vincat,
992 3326 993 3330 ’

152 3433 216 3509 Me
234 3433 376 3532 Regina
393 3460 528 3532 regam.

252 3549 319 3646 (J.)
337 3549 487 3625 Vestem
506 3549 764 3624 maculavimus
781 3577 905 3624 omnes

152 3665 387 3741 Immemores
405 3664 583 3763 lymphae,
604 3665 712 3739 toties
728 3665 990 3740 maculavimus
1007 3689 1141 3739 omnes.

152 3780 350 3857 Scrvamus
366 3792 503 3873 cautae,
524 3807 616 3879 quae
634 3791 719 3854 sunt
737 3780 904 3878 pretiosa,
925 3779 1067 3872 monile,

152 3895 374 3971 Carbaseam
392 3906 540 3989 vestem,
559 3923 734 3992 gemmas„
752 3907 925 3992 argentea
941 3922 1043 3992 vasa,

151 4009 332 4086 Oonditur
348 4011 502 4108 omnino,
521 4011 687 4108 quamvis
704 4038 775 4086 non
792 4011 940 4108 turgida
956 4011 1124 4103 nummis,

153 4125 275 4201 Parva
291 4153 474 4224 crumena3
494 4126 590 4201 salus
608 4127 758 4225 perituri
776 4128 936 4225 corporis
954 4127 1062 4225 hujus

152 4240 307 4340 Saepius
323 4243 463 4341 ingenti
480 4269 645 4318 curarum
662 4242 757 4318 mole
774 4270 928 4340 gravare
