2972 4738
249 367 304 422 312
725 373 940 430 CARMINUM

252 562 397 639 Gaudia
413 561 513 636 nulla
529 560 648 637 forent
664 559 776 653 coelo,
795 559 865 636 nisi
882 560 953 636 fine
972 563 1154 638 carerent!

253 677 387 754 Nullus
403 677 485 753 finis
503 677 580 770 erit,
601 702 744 775 semper
761 674 976 751 laetabimur
993 679 1135 754 omnesl

254 781 433 869 ¹Adversis
450 792 592 868 rediens
610 818 687 866 vox·
699 790 853 868 collibus
871 801 1031 867 assonat:
1050 795 1192 869 omnesl

252 909 322 984 Est
339 935 474 984 merces
492 917 640 984 aeterna
657 907 726 982 Dei
745 933 985 1006 mansuraque
1004 935 1155 1007 semper,

253 1023 440 1102 Consonat
457 1050 563 1100 omne
580 1049 719 1116 nemus,
741 1048 813 1097 vox
834 1023 1021 1119 “semper„
1040 1022 1203 1099 redditur
1219 1026 1309 1102 auri.

350 1139 425 1230 (C.)
436 1138 557 1214 Multa
569 1149 718 1214 movent
731 1137 860 1231 animo,
875 1137 936 1236 qui
950 1137 1044 1213 dona
1057 1138 1202 1236 fugacia
1216 1153 1426 1238 quaerunt...

256 1253 329 1330 Sed
347 1283 409 1332 cor
425 1281 497 1330 non
515 1255 649 1330 satiant
667 1253 775 1351 longo
794 1252 888 1328 male
906 1265 1012 1351 parta
1029 1253 1162 1330 labore.

256 1369 288 1445 Ο
307 1398 419 1447 vanas
436 1370 623 1446 hominum
640 1369 763 1445 curas!
783 1369 820 1442 N
822 1379 993 1467 cotesque
1011 1369 1160 1469 diesque
1190 1401 1192 1406 ·

253 1485 452 1580 Desudant,
473 1486 632 1584 algent...
650 1485 886 1584 manibusque
901 1496 1071 1560 tenentur
1088 1512 1227 1562 arenae.
1313 1496 1316 1500 ’
1349 1497 1352 1502 ’

254 1601 375 1677 Labra
392 1601 538 1701 quidem
554 1601 683 1694 rident,
704 1599 768 1676 sed
785 1601 898 1676 crudo
915 1612 1066 1699 pectora
1082 1629 1203 1676 morsu

254 1717 466 1794 Dilacerata
482 1728 643 1816 gemunt,
663 1743 735 1791 non
753 1727 811 1791 est
827 1743 900 1814 pax
918 1715 1014 1792 alma
1032 1717 1204 1792 scelestis.

200 1847 201 1852 ’
255 1831 360 1908 Bella
376 1844 507 1931 gerunt
524 1859 638 1931 regeq,
659 1841 700 1907 ut
717 1857 830 1929 regna
847 1832 1013 1930 potentia
1031 1833 1199 1926 condant,

256 1946 508 2048 Innocuosque
525 1957 705 2047 premunt,
726 1946 950 2022 circumdata
968 1958 1133 2046 tempora
1152 1947 1252 2024 lauro

256 2063 340 2138 Non
357 2075 510 2164 prosunt
526 2063 630 2139 vobis
647 2073 810 2138 extrema
827 2061 962 2137 funeris
980 2062 1078 2138 horat.

257 2178 386 2276 Regna
403 2179 527 2255 labant
544 2191 671 2272 terrae,
691 2176 863 2253 coelestia
878 2204 992 2276 regna
1010 2178 1219 2254 manebunt.

257 2294 443 2394 Quidquid
461 2295 549 2393 agis,
569 2293 768 2392 prudenter
785 2319 883 2390 agas,
904 2303 941 2367 et
955 2293 1097 2391 respice
1114 2294 1233 2392 finem,

256 2409 326 2485 Est
343 2409 424 2485 finis
441 2408 603 2486 coelum!
625 2407 731 2500 Quod
748 2434 814 2483 nos
832 2409 964 2484 avertit
981 2409 1027 2484 ab
1045 2408 1118 2508 illc,

256 2525 400 2601 Damna
415 2537 536 2623 parat3
554 2550 665 2622 ganas
682 2524 740 2600 cui
758 2551 848 2600 crux
866 2525 1110 2623 supereminet
1127 2553 1261 2620 omnes,

256 2632 325 2716 Est
342 2667 435 2716 unus
453 2640 612 2739 sapiens!

353 2756 428 2844 (D.)
446 2755 499 2831 Te
517 2755 667 2831 summis
684 2754 852 2831 laudibus
869 2781 964 2850 oruc,

256 2871 372 2970 Virgo
391 2871 575 2969 Cassiope,
595 2897 661 2946 nos
679 2870 843 2946 mulcent
860 2898 970 2948 aurea
986 2871 1098 2948 verba

257 2987 385 3062 Labris
402 2987 485 3062 fura
500 2987 585 3063 tuis.

353 3101 426 3187 (C.)
443 3101 567 3179 Licuit
583 3100 671 3177 mihi
688 3101 837 3178 reddere
855 3101 966 3178 verba

256 3216 425 3295 Dilectae
442 3219 580 3316 matris,
598 3219 702 3317 cujus
719 3244 813 3294 nunc
831 3217 929 3293 laeta
945 3220 1128 3319 recordor;

257 3331 290 3410 O
308 3333 369 3432 pia
386 3347 503 3411 mater
520 3362 597 3429 ave,
618 3335 754 3410 dudum
771 3344 809 3410 te
827 3334 936 3410 busta
952 3337 1162 3430 recondunt,

258 3448 331 3525 Sed
348 3449 436 3525 mihi
455 3477 597 3548 semper
615 3449 712 3526 ades.
732 3449 893 3543 Memini,
914 3450 1049 3527 lassata
1066 3451 1186 3527 labore

258 3565 413 3664 (Vesper
426 3570 521 3666 erat)
542 3567 740 3644 recubabat
756 3567 856 3642 humi
874 3595 988 3667 prope
1005 3568 1143 3644 rustica
1159 3579 1271 3668 tecta,

258 3681 386 3758 Matris
405 3709 473 3781 ego
493 3682 598 3760 lateri
616 3682 738 3759 vicina
754 3682 877 3781 puella
895 3683 1073 3779 sedebam,

258 3796 538 3898 Carpebantque
556 3825 685 3874 manus
702 3797 741 3873 in
758 3797 860 3876 molli
877 3799 1039 3897 gramine
1056 3801 1173 3877 flores.

256 3913 411 3989 Lumine
427 3940 486 3990 me
502 3914 635 3990 blando
653 3926 828 4012 spectans
846 3914 1062 3992 venerabilis
1079 3918 1183 3994 annis

257 4026 364 4103 Flere
382 4028 582 4124 videbatur,
602 4030 665 4106 sed
683 4057 768 4106 mox
786 4030 843 4105 his
864 4031 1015 4108 vocibus
1034 4059 1116 4109 orsa
1132 4045 1203 4110 est:

257 4142 353 4218 Filia
371 4142 554 4242 Cassiope,
574 4172 668 4222 nunc
686 4173 765 4221 sum
783 4146 934 4222 viduata
950 4147 1092 4243 marito,

260 4258 344 4334 Una
360 4257 449 4332 mihi
468 4286 625 4358 superes,
645 4260 734 4336 mihi
751 4260 926 4336 terminus
943 4262 1108 4340 imminet
1125 4265 1216 4360 aevi,

257 4375 360 4467 Quae
378 4384 415 4450 te
432 4373 509 4449 sata
526 4379 696 4452 manent?
713 4376 780 4452 Cu²
805 4388 809 4396 '
864 4377 874 4398 ¹
904 4375 1027 4456 “cta
1043 4381 1272 4482 relinquam?
