3040 4732
597 219 715 274 LIBER
740 219 890 290 ,PRIMUS

260 409 444 506 Praeceps
462 418 543 483 eota
560 432 691 482 canum
708 406 777 482 fuit
794 433 876 482 esca
894 406 1016 482 suavis
1033 405 1070 480 in
1088 432 1157 499 ore,

362 523 442 616 Qua
459 522 593 599 cecidit
609 521 803 598 mandante
822 521 1026 597 Nabothus.

175 635 182 646 ’
262 639 313 716 Se
330 639 459 737 laqueo
475 639 501 714 J
504 635 593 714 udus
610 650 694 714 trux
711 638 873 736 proditor
889 639 966 736 ipse
984 637 1146 736 peremit,

361 754 474 830 Vivet
490 754 527 829 in
546 779 650 830 omne
668 751 888 829 miserrimus
905 779 1046 830 aevum.

618 1231 720 1308 ODE
752 1230 875 1306 XVII.

648 1515 853 1593 (1011111111.

177 1804 288 1872 Beati,
307 1804 356 1871 qni
373 1802 467 1856 lavant
484 1802 567 1856 stolas
584 1818 650 1855 snas
668 1803 698 1854 in
715 1803 847 1872 sanquine
864 1802 945 1872 Aqui,
964 1810 995 1856 nt
1012 1807 1049 1856 sit
1063 1811 1181 1872 potestas
1199 1819 1292 1856 eornm

234 1895 270 1946 in
292 1890 363 1959 lipno
381 1893 459 1959 nnnc,
478 1900 501 1946 et
518 1908 566 1960 per
580 1898 676 1960 portus
694 1893 795 1944 intrent
813 1895 844 1945 in
862 1895 1002 1946 civitatem.
1022 1891 1121 1962 (Apoc.
1140 1891 1184 1960 22,
1203 1890 1261 1961 14).

270 2151 343 2226 Est
359 2149 448 2225 haec
467 2147 621 2246 pulchra
638 2149 776 2245 domus,
792 2176 900 2247 quam
916 2150 1069 2247 pedibus
1087 2176 1227 2247 premo:

266 2269 323 2342 At
340 2266 369 2342 si
385 2292 492 2341 cerno
508 2275 619 2357 tuam,
640 2275 764 2340 sancte
783 2265 902 2358 Pater,
923 2265 1081 2359 domum,

269 2381 444 2458 Sublimis
462 2380 635 2479 liquidum
653 2379 761 2455 tollor
778 2380 815 2455 in
832 2380 990 2474 aethera,

369 2496 509 2572 Taedet
525 2523 584 2571 me
602 2495 701 2571 exilii
717 2495 800 2570 mei.

269 2730 365 2806 Late
383 2740 496 2805 strata
512 2727 603 2804 rosis
620 2754 708 2803 arva
724 2726 977 2825 fragrantibus,

270 2843 477 2920 Mulcentes
495 2841 665 2942 Zephyri,
686 2841 867 2940 limpidior
885 2843 978 2918 vitro

271 2961 384 3057 Fons,
402 2958 529 3034 vocale
540 2985 672 3039 nemus
689 2984 747 3033 me
765 2959 945 3056 rapiunt...
965 2957 1092 3034 domus

372 3074 440 3150 Est
458 3073 644 3149 formosior
661 3072 751 3150 haec
769 3085 843 3150 tua.

274 3306 407 3405 Campi
424 3305 577 3382 triticeis
595 3305 760 3404 frugibus
779 3306 915 3400 uberes,

261 3421 327 3497 -Et
343 3422 411 3497 rivi
428 3420 539 3520 gelidi
556 3422 686 3519 pocula
703 3421 834 3515 dulcia,

273 3538 328 3613 Et
344 3537 488 3613 frondes
505 3537 651 3636 patulae
668 3565 726 3612 me
743 3538 923 3635 rapiunt...
942 3537 1071 3614 domus

374 3653 444 3729 Est
460 3652 647 3728 formosior
664 3653 753 3729 haec
769 3665 844 3729 tua.

278 3885 326 3960 In
342 3911 442 3962 ramo
459 3885 566 3962 viridi
583 3912 692 3985 poma
707 3885 883 3978 rubentia,

276 4003 331 4077 Et
347 4001 458 4078 colles
476 4002 624 4078 tumidis
642 4001 776 4078 vitibus
793 4001 927 4099 inclyti,

277 4117 330 4194 Et
348 4117 440 4194 ruris
457 4117 616 4194 latebrae
634 4145 691 4193 me
708 4118 889 4216 rapiunt...
909 4115 1037 4192 domus

378 4233 446 4310 Est
463 4233 650 4310 formosior
667 4233 755 4309 haec
772 4244 847 4309 tua.
