3040 4732
693 234 906 292 CARMINUM

475 423 558 500 Oiet
574 422 817 499 ministrorum
835 421 984 498 cohors?

378 540 437 613 An
455 537 540 614 vina
556 537 744 637 praedicas
761 536 916 613 Falerna
932 535 1106 634 gemmeis

475 653 733 729 Exhaurienda
749 651 912 752 poculis?

379 769 480 846 Num
496 779 534 844 te
552 767 748 844 verendum
766 766 962 864 splendidis
980 765 1176 864 majoribus

475 884 666 960 Demulcet
684 884 871 981 antiquum
888 885 1025 983 genus?
1204 875 1208 884 ’

379 1002 478 1076 Num
496 1010 600 1098 parta
617 999 733 1075 caesis
749 999 913 1075 hostibus
931 999 1091 1096 victoria,

476 1116 536 1191 An
553 1126 590 1192 te
607 1115 740 1191 curulis
757 1116 936 1192 concitat?

379 1233 439 1307 An
456 1232 585 1308 artifex
603 1242 770 1330 portenta
788 1232 921 1329 promis
939 1231 1097 1308 omnium

476 1347 614 1422 Vatum
632 1346 795 1423 canenda
812 1347 993 1423 carmine?

380 1464 439 1537 An
456 1461 586 1539 nobilis
604 1474 640 1539 te
658 1463 819 1539 continet
837 1464 1010 1540 scientiae

477 1579 664 1654 Palaestra
680 1579 839 1655 nescium
856 1579 969 1655 mori?

379 1697 513 1772 Amore
530 1694 687 1770 numinis
705 1695 882 1771 calentem
900 1694 1066 1770 laudibus

477 1810 641 1908 Uterque
658 1811 884 1886 commendat
901 1809 1029 1909 polus?

382 1925 414 2002 O
432 1925 492 2024 qui
510 1925 698 2023 superbiae
714 1925 848 2002 teneris
865 1925 1027 2001 vinculcl

478 2042 580 2118 Haec
598 2041 675 2117 vita
692 2040 825 2118 labitur
842 2043 951 2118 cito...

383 2157 576 2257 Oquanta,
596 2157 714 2251 frater,
735 2157 899 2234 conditur
915 2157 1131 2234 cadaverum

478 2273 549 2350 His
565 2274 603 2348 in
621 2273 795 2371 sepulcris
812 2274 936 2372 copia!

382 2389 433 2464 Hi
451 2390 620 2488 praeiere,
640 2401 681 2465 tu
699 2392 867 2489 sequeris,
887 2402 924 2466 et
940 2391 1042 2467 brevi

479 2505 656 2603 Torpebis
673 2505 820 2582 immani
838 2505 939 2605 gelu!
1023 2545 1026 2552 ·

303 2659 305 2672 ·
382 2620 586 2719 Fluentque
599 2622 684 2697 tabo
697 2622 859 2699 membra
876 2623 1058 2700 vermibus
1072 2623 1230 2700 sacrat...

480 2736 553 2812 Hic
571 2737 706 2835 gloriae
723 2737 804 2813 finis
822 2749 905 2814 tuae
922 2739 930 2814 l
949 2740 958 2814 l

384 2853 468 2928 Non
485 2862 568 2928 sunt
586 2879 733 2928 avorum
753 2853 882 2952 (crede)
903 2855 1056 2932 virtutes
1069 2866 1164 2949 tuae,

480 2968 644 3046 Adamus
661 2971 820 3046 omnium
837 2997 978 3070 parens.

384 3086 453 3162 Est
470 3088 628 3164 omnium
647 3115 709 3164 cor
725 3114 792 3186 par
809 3098 881 3182 tue,
902 3114 967 3163 nec
985 3088 1106 3185 purior

483 3204 517 3278 It
535 3204 681 3301 sanguis
698 3204 736 3278 in
754 3203 856 3279 venis
873 3204 955 3278 tuis.

385 3321 531 3427 Fratres
549 3347 730 3415 vocamur,
756 3320 914 3394 omnium
937 3331 991 3395 est
1007 3319 1103 3397 idem
1121 3321 1230 3414 Deus,

482 3436 584 3511 Idem
601 3435 781 3512 redemtor
799 3434 968 3511 omnium.

386 3552 575 3627 Nocturna
591 3563 711 3628 verset
728 3552 852 3627 scrinii
870 3552 979 3629 libros
997 3566 1133 3648 manus,

483 3666 615 3744 Verset
632 3667 759 3742 diurna
775 3667 963 3764 plurimos:

387 3783 472 3858 Heu
489 3808 554 3858 nos
572 3782 683 3858 latere
699 3782 815 3857 multa
833 3782 980 3880 (cuncta
998 3783 1173 3882 dixerim),

484 3898 660 3997 Apprime
677 3898 715 3973 id
733 3925 843 3974 unum
861 3901 1038 3976 novimus.

389 4013 435 4090 Se
452 4014 544 4090 scire
562 4011 712 4114 quilibet
724 4014 881 4111 jubetur,
903 4016 967 4091 sed
984 4015 1073 4092 latet

485 4131 586 4206 Haec
604 4129 781 4205 almanus
800 4130 962 4206 scientia.

387 4247 424 4323 N
427 4273 472 4323 on
489 4258 617 4324 sancta
632 4245 765 4321 nostris
783 4244 959 4319 excitatur
976 4246 1123 4342 viribus

1279 9 1429 149 Π
