2968 4732
583 233 700 286 erens
734 231 902 302 colurus

317 425 498 497 Arcemus
516 419 645 498 calidis
662 419 797 516 frigora
814 418 984 512 vestibus,
1079 414 1082 422 ’

316 537 514 636 Jejunique
533 535 624 610 cibis
642 534 774 632 pocula
786 533 984 632 jungimus,

319 653 501 728 Praebent
516 661 619 726 tecta
636 650 773 742 domus,
793 648 892 724 celsa
910 649 1056 747 palatia,

416 767 519 844 Fessi
538 766 675 841 lumina
690 765 905 841 claudimus:

317 1001 460 1092 Vestes,
480 1009 590 1092 tecta,
609 998 722 1096 dapes
740 1007 776 1072 et
794 1023 901 1094 sopor
918 1023 1018 1070 arma
1037 1007 1129 1088 sunt,

317 1117 477 1192 Fervent
495 1115 656 1190 continui
675 1113 811 1212 proelia
827 1112 971 1206 funeris,

319 1231 454 1308 Omnes
471 1230 645 1329 impavidi
663 1229 915 1326 congredimur
933 1227 1008 1305 diu:

415 1346 578 1422 Tandem
595 1346 757 1420 membra
775 1345 891 1442 quatit
908 1344 1017 1438 dolor,

320 1581 362 1653 In
379 1579 484 1654 vultu
501 1580 643 1672 macies,
664 1590 701 1654 et
717 1580 893 1654 tremulae
911 1606 1049 1670 manus,

319 1695 490 1770 Frontem
509 1694 615 1772 sudor
633 1695 752 1788 habet,
774 1706 857 1770 sunt
879 1722 970 1770 cava
990 1705 1163 1792 tempora,

320 1811 485 1885 Pendent
502 1809 611 1904 labra,
633 1810 756 1885 oculus
774 1811 923 1885 lucidior
940 1809 1045 1903 vitro,

416 1927 466 2001 Et
484 1937 630 2024 torpent
646 1925 757 2023 gelidi
775 1926 896 2024 pedes.

320 2156 436 2249 Flent,
456 2156 609 2231 rident...
628 2157 809 2249 morimur,
828 2141 912 2231 nola
929 2155 1003 2231 ciet
1025 2149 1139 2248 sonos,

320 2271 505 2346 Vestimur
522 2271 640 2368 rigidi,
658 2271 824 2368 ponimur
841 2270 878 2345 in
896 2282 985 2364 tore,

322 2387 539 2483 Spectamur
557 2386 667 2480 taciti,
688 2387 828 2485 pondus
846 2386 928 2484 equi
945 2386 1105 2480 trahunt,

418 2501 502 2577 Udo
519 2501 706 2577 condimur
724 2528 868 2599 aggere.

651 2972 754 3048 ODF]
784 2971 830 3048 V.

567 3256 919 3331 RES'I'AURATIO.

150 3544 301 3612 Stipendia
319 3546 390 3594 enim
405 3544 515 3615 peccori,
526 3559 606 3609 mors,
617 3545 710 3608 pratia
728 3549 816 3594 autem
828 3541 883 3594 Dei
894 3542 950 3594 vita
962 3545 1071 3594 aeterno
1089 3545 1120 3594 in
1141 3539 1248 3598 Christo
1260 3541 1328 3596 Jesu

508 3631 625 3684 Domino
643 3639 739 3684 nostro.
761 3629 853 3700 (Rom.
873 3631 902 3698 6,
922 3630 980 3702 23).

318 3880 430 3956 Terra
448 3880 579 3956 ancilla
596 3879 760 3974 hominis,
781 3907 906 3956 servus
924 3880 1032 3958 homo
1051 3884 1133 3981 Dei,
1222 3871 1226 3878 ¹

316 3996 448 4072 Terrae
465 4023 528 4071 rex
547 3998 593 4074 sit
610 3996 728 4096 home,
747 4023 811 4072 rex
829 3996 985 4074 hominis
1004 4000 1123 4079 Deus!

316 4112 410 4204 Quid
429 4122 532 4188 tanto
550 4113 700 4210 imperio
718 4115 1031 4210 magnificentius?

414 4229 509 4321 Quid
528 4229 714 4306 sublimius
732 4229 799 4306 hoo
813 4231 928 4328 jugo?
