2972 4738
632 216 846 272 CARMINUM

156 407 256 481 Mors
272 404 353 480 illos
370 405 501 503 rapuit,
521 403 585 478 sed
601 429 685 479 cara
703 403 871 502 sepulcra
888 413 1091 500 parentum.

158 523 244 598 Non
260 520 350 595 mihi
367 520 499 595 dantur
516 547 615 618 opes,
631 546 787 594 exerceo
805 545 950 594 vomere
967 530 1110 612 terram,

155 638 259 713 Idem
276 636 379 711 dives
396 662 517 733 opum,
537 635 622 732 quia
640 633 777 710 Christi
795 635 939 716 nomine
957 634 1115 728 clarusl„

255 751 334 850 (M.)
356 750 482 825 “Tolle
495 750 604 848 jubar
622 748 723 824 solis:
742 750 902 824 tenebris
919 749 1089 824 immersa
1106 748 1261 825 laterent

156 867 304 964 Omnia3
320 865 410 942 tolle
427 865 550 940 fidem:
570 891 643 939 non
659 867 758 940 certat
775 865 859 940 sede
877 891 1064 961 vagamur.

158 983 269 1059 Sacra
286 982 371 1057 olim
388 981 532 1084 fuerant
549 980 698 1056 socialia
716 980 864 1055 vincula
881 980 1037 1074 Christe

157 1099 266 1173 Nunc
286 1097 473 1173 Christum
491 1095 664 1195 pepulere
681 1107 817 1192 truces;
835 1097 1038 1194 respublica
1055 1096 1204 1194 languet

159 1213 292 1288 Infelix
308 1255 358 1266 -
373 1212 507 1287 medici
524 1211 688 1286 tribuunt
706 1237 771 1286 sua
787 1211 1001 1309 pharmaca:
1020 1213 1186 1311 languet!

158 1329 413 1404 Fundamenta
429 1328 555 1401 ruunt!
576 1326 764 1402 Christum
781 1339 964 1403 revocate:
984 1328 1185 1422 manebitl„

259 1443 328 1544 (Ρ).
348 1442 511 1518 “Insidet
526 1443 563 1516 in
581 1443 671 1517 solio
687 1444 815 1540 regina
832 1443 996 1540 scientia,
1015 1445 1139 1519 mundi

159 1560 251 1635 Late
270 1569 413 1656 sceptra
428 1569 565 1650 tenens,
585 1559 769 1656 gestitque
787 1559 945 1656 superba
961 1559 1143 1657 repulsam

160 1675 387 1752 Conculcare
405 1674 436 1746 F
438 1673 549 1770 idem3
568 1673 722 1770 tetigere
741 1675 932 1749 cacumina
952 1676 1084 1748 montis

160 1792 270 1866 Artes
286 1790 483 1887 ingenuae!
503 1789 622 1862 Tanta
640 1789 721 1864 aevi
738 1789 855 1886 gloria
870 1790 1000 1864 nostri!

163 1905 239 2004 (Sic
257 1905 380 1980 fantur
397 1904 499 1979 stulti
507 1903 530 2000 l)
551 1903 666 1978 Totus
683 1905 917 1980 renovabitur
935 1906 1070 1999 orbisl„

260 2019 337 2118 (Μ.)
360 2019 450 2094 “Dio
468 2045 535 2116 age
554 2019 641 2116 quid
659 2019 760 2095 coelo
778 2021 905 2118 regina
922 2021 1075 2096 scientia
1092 2020 1249 2119 prodest,

162 2137 202 2212 Si
214 2135 324 2235 jubar
341 2162 387 2209 ex
405 2133 535 2208 animis
552 2135 636 2209 fidei
654 2135 841 2232 rapiatur?
857 2136 988 2234 Egeria

160 2252 266 2326 Mens
283 2250 469 2325 hominum
487 2249 637 2347 languet
653 2249 835 2348 regalibus
853 2251 982 2328 obruta
998 2253 1114 2350 gazis!

163 2349 425 2464 Quid'prodest
441 2366 596 2440 nitidum
613 2365 720 2441 celsis
738 2366 967 2464 laquearibus
985 2394 1122 2466 aurum,

163 2481 314 2578 Frigore
332 2481 361 2556 si
380 2464 529 2573 crucier,
551 2481 580 2555 si
599 2492 707 2578 potus
725 2493 762 2556 et
779 2509 864 2584 esca
881 2485 1057 2580 negetur?
1155 2478 1159 2488 ’

162 2598 237 2674 Sed
248 2598 328 2696 jam
345 2596 432 2671 tolle
450 2607 551 2671 tuam
568 2597 694 2694 regina
712 2597 863 2672 scientia
881 2597 1035 2674 larvam:

162 2712 338 2790 Cominus
357 2710 432 2786 alta
449 2722 560 2808 patet,
580 2739 672 2809 quae
689 2712 847 2788 cernitur
865 2713 1005 2788 eminus
1022 2715 1104 2808 ima,

162 2828 303 2924 Turris3
323 2838 361 2902 at
377 2827 521 2902 inversa
538 2826 635 2903 docti
651 2828 790 2902 ratione
807 2823 1020 2926 probantur:

165 2943 206 3019 Si
223 2943 347 3042 procul
366 2941 532 3035 abfueris,
553 2954 637 3017 sunt
654 2943 788 3040 magni⁷
807 2944 952 3038 accede,
972 2943 1105 3042 pusilli.

163 3058 301 3151 Gloria,
321 3084 429 3156 quam
446 3055 574 3132 tribuit
591 3058 718 3155 regina
736 3059 899 3153 scientia,
919 3058 1090 3156 mendam

166 3174 324 3253 Extollit
340 3173 497 3272 pretium
514 3174 647 3249 merois
664 3174 880 3250 clamoribus
897 3175 990 3269 altis,

166 3288 339 3386 Quisquis
357 3288 483 3364 vendit
500 3290 597 3364 eam!
616 3289 725 3364 fatuis
744 3291 922 3388 sapientia
940 3317 1048 3389 saepe

164 3403 317 3502 ignibus
335 3413 520 3501 aequatur,
539 3414 624 3478 sunt
639 3404 756 3479 multa
772 3405 922 3499 incerta,
942 3405 1096 3482 lacunae

166 3519 397 3594 Innumerael
417 3517 522 3594 Fidei
540 3545 722 3614 venerare,
744 3521 902 3616 scientia,
921 3523 1071 3597 nomenl

167 3634 278 3709 Alma
294 3634 384 3709 fides
401 3660 520 3710 errore
538 3646 657 3729 vacat,
677 3635 861 3712 tutissima
878 3637 971 3712 coeli

168 3749 240 3825 Est
256 3745 332 3824 via!
350 3776 421 3847 quo
439 3749 594 3824 tendunt
611 3753 730 3824 artes?
746 3776 939 3827 numerosa
956 3752 1116 3828 caducae

167 3862 425 3939 Emolumenta
441 3876 572 3962 parant
590 3865 687 3940 vitae
704 3907 753 3919 -
769 3892 842 3941 non
860 3867 997 3943 lumina
1014 3895 1118 3943 sacra

167 3979 322 4078 Ingenio
338 3980 512 4074 tribuunt,
533 3981 674 4057 animae
691 4009 764 4057 non
783 3983 934 4058 crimina
950 3982 1118 4080 tollunt„

268 4094 337 4194 (P.)
358 4096 455 4189 “Qut
471 4097 521 4192 fit,
541 4108 583 4172 ut
601 4099 745 4196 sapiens
762 4099 952 4175 mendacia
970 4113 1118 4177 censeat
1135 4128 1224 4198 esse,

166 4211 270 4304 Quae
288 4210 397 4289 docet
414 4210 511 4288 alma
528 4213 683 4312 ridear„
