2972 4738
567 237 687 292 LIBER
715 237 860 293 SEXTUS

131 423 295 522 Thyrsus
313 449 438 500 amans
456 423 581 517 aderit,
601 423 788 520 superabit
805 423 960 500 vindicis
977 425 1067 500 iram

132 539 370 638 Supplicibus
388 540 494 636 votiS,
513 541 660 637 sangnis
677 539 882 614 fundendus
899 540 937 614 in
956 567 1018 615 ara

130 655 352 752 Exstinguet
369 656 541 748 flammas,
561 655 714 730 decades
730 665 787 730 ter
805 655 962 753 quinque
979 683 1142 734 rosarum

125 769 301 868 Virgineo
319 771 431 868 capiti
450 771 625 863 dabimus,
646 770 843 868 reginaque
861 770 954 845 coeli
1081 767 1086 784 ⁸

125 884 228 960 Voce
246 896 376 983 potens
394 886 545 962 miseros
564 886 737 961 solabitur
754 887 836 984 ipsa
853 897 1032 984 parentes,

124 1001 256 1076 Leniet
274 1001 438 1077 ardorem
457 1003 632 1096 flammae,
652 1003 714 1100 pia
730 1003 882 1077 carceris
900 1003 1037 1077 umbris

125 1116 271 1193 Educet
288 1129 425 1192 natum.

224 1231 303 1330 (Μ.)
323 1232 502 1307 Tradetur
519 1232 727 1308 nummulus
745 1233 814 1327 Iro,

126 1347 256 1444 Panes,
276 1347 361 1423 vina
378 1375 507 1423 manus
524 1347 670 1422 tradent
688 1349 838 1446 opsonia
854 1359 1009 1443 nostrae,

125 1461 240 1538 Veste
257 1463 370 1538 bonos
388 1463 515 1560 inopes
533 1463 700 1561 almoque
718 1462 922 1539 fovebimus
939 1465 1039 1562 igne,

125 1577 201 1654 Hic
222 1577 323 1653 labor
340 1579 378 1652 in
394 1579 531 1677 campis
550 1579 777 1676 asperrimus,
797 1579 889 1655 haec
909 1580 970 1654 via
987 1609 1164 1680 praeceps

125 1693 213 1768 Heu
231 1695 343 1770 totius
360 1696 543 1793 carpenda
559 1695 635 1788 tibi,
657 1721 748 1792 quae
767 1695 869 1770 ducit
888 1696 934 1770 ad
953 1697 1088 1790 urbem,

125 1808 384 1885 Emolumenta
401 1809 517 1884 serent
532 1821 629 1906 nate,
648 1809 738 1885 feret
756 1809 901 1885 horrida
919 1812 1065 1908 grando,

127 1923 236 1999 Unda
252 1936 396 2000 tumens
415 1936 452 2000 ct
468 1925 614 2000 flamma
630 1952 754 2019 vorarr,
775 1953 867 2023 quae
885 1927 1042 2024 plurima
1059 1929 1164 2004 nobis

20 2102 24 2111 .
125 2038 271 2116 Damna
286 2051 426 2138 parant,
446 2051 484 2115 et
501 2041 614 2118 cruda
625 2042 760 2139 juvant
772 2042 914 2139 jejunia
931 2054 1068 2137 natum,

125 2155 177 2230 Et
194 2154 316 2230 brevis
334 2156 370 2229 in
388 2156 514 2231 tabula
533 2183 678 2231 somnus
697 2156 913 2255 morbusque
932 2169 1109 2234 senectus.

226 2269 299 2369 (D.)
319 2271 380 2346 Me
397 2282 531 2346 tremor
548 2272 682 2346 invasit
704 2271 845 2347 subitus
868 2273 1082 2372 gelidusque
1104 2303 1169 2373 per
1187 2305 1269 2352 ossa

127 2385 259 2479 Currit,
281 2388 408 2462 acerba
424 2387 496 2462 cito
514 2386 661 2462 memini
679 2397 861 2491 tormenta
877 2389 1054 2464 bonorum
1070 2434 1119 2446 -

126 2501 319 2576 Terribiles
336 2502 520 2578 flammae!

226 2615 304 2715 (Μ.)
324 2618 477 2694 Το110111
493 2619 662 2694 incendia
678 2621 835 2695 mentes!

126 2731 309 2808 Temendo
327 2746 479 2832 prosunt
494 2735 615 2810 nobis!

227 2848 300 2946 (Β.)
321 2849 360 2926 Si
378 2851 457 2925 dira
473 2851 604 2926 veneni

128 2963 267 3039 Pocula
283 2992 355 3040 non
373 2965 455 3060 libo,
476 2965 604 3062 procul
623 2966 754 3042 absunt
772 2968 904 3041 damna
923 2966 1064 3066 salutis,

126 3079 213 3155 Non
230 3107 289 3156 me
307 3092 419 3156 terret
437 3081 553 3178 hians,
572 3082 632 3156 cni
648 3108 720 3157 non
739 3081 883 3178 accedo,
902 3108 1048 3178 vorago

126 3194 198 3270 Ars
215 3195 308 3272 bene
326 3197 473 3273 vivendi
493 3197 682 3296 sapientia,
700 3207 815 3272 morte
833 3196 1010 3294 magistra

125 3309 297 3386 Discitnr.
317 3313 422 3388 Haec
441 3313 550 3388 citius
566 3323 685 3406 vento,
705 3313 864 3387 velocius
883 3313 1011 3387 umbra

125 3425 216 3502 Vita
231 3426 334 3525 fugit,
355 3429 490 3527 rapidis
509 3428 704 3503 volvuntur
719 3439 885 3526 tempora
902 3427 1042 3526 pennis.

126 3542 184 3616 Tu
202 3569 344 3642 quoque
362 3544 461 3642 disce
479 3544 578 3638 mori,
599 3544 734 3642 Mycon
750 3544 889 3642 —jam
907 3569 1033 3641 sparsa
1052 3543 1197 3641 capillis

127 3657 298 3753 Canities,
318 3659 474 3735 frontem
486 3661 565 3759 jam
583 3660 701 3736 sulcat
718 3687 810 3758 ruga
827 3659 963 3753 senilis,

124 3774 151 3848 J
154 3801 211 3849 am
228 3775 299 3850 rari
316 3775 452 3870 (1011101,
472 3775 622 3851 baculus
639 3787 677 3851 10
693 3776 813 3852 firmat
830 3801 991 3851 acernus.

223 3891 309 3984 (Μ.)
327 3891 423 3984 Quid
441 3902 591 3991 prosunt
612 3892 742 3992 epulae
759 3891 872 3984 nobis,
893 3890 979 3989 quid
996 3890 1082 3965 vina
1100 3889 1263 3986 Falerna,

126 4006 267 4083 Murice
285 4009 340 4084 bis
357 4009 491 4083 tinctae
509 4019 628 4082 vestes
645 4008 832 4106 pictumve
849 4006 1012 4103 lacunar,

126 4123 308 4222 Majorum
326 4125 446 4221 series,
464 4122 637 4221 thesauri,
656 4122 771 4220 gloria
788 4122 899 4220 vulgi,

124 4239 175 4316 Ni
193 4240 284 4316 bene
302 4239 521 4316 vixerimus?
539 4237 650 4338 Rapit
669 4239 789 4315 omnia
807 4265 957 4314 munera
976 4250 1095 4314 101110
