2988 4730
610 243 730 298 LIBER
761 239 926 297 TERTIUS

258 439 293 510 A
311 435 419 511 turba
436 457 578 531 semper
595 430 711 508 voluit
728 429 855 529 procul
874 455 952 505 esse
968 427 1135 528 profana!

357 549 497 626 Oceani
514 557 747 623 numerentur
764 572 904 639 arenae,

260 668 312 744 Et
328 691 516 742 nemorum
534 662 678 738 frondes
696 673 733 738 et
750 662 845 737 vasti
864 661 981 736 sidera
998 660 1106 737 coeli:

360 782 462 875 Quae
479 780 628 878 rapiunt
644 805 726 854 mea
743 789 899 876 pectora,
918 777 1093 874 flammas,

262 899 432 979 Carmine
449 923 522 972 non
540 906 684 972 canto...
703 894 864 993 genialis,
886 893 1014 990 amica,
1035 892 1166 986 suavis,

361 1012 499 1088 Sancta
516 1011 602 1106 dies,
621 1010 748 1108 regina
765 1010 943 1085 sororum!

264 1129 410 1222 Quanta
426 1127 516 1204 mihi
533 1127 559 1202 J
562 1153 663 1202 esum
681 1124 899 1201 documenta
916 1123 1057 1200 dedisse
1074 1123 1243 1200 recordor

333 1265 338 1276 '
363 1245 528 1337 Solliciti,
548 1243 773 1319 vehementis
791 1241 940 1318 amoris!

264 1362 419 1460 Indigno
437 1361 574 1436 foribus
591 1359 718 1457 templi
737 1359 937 1458 penetralia
953 1358 1039 1434 novi

363 1477 444 1553 Ima
460 1476 550 1552 mihi
567 1477 729 1574 patuisse
747 1487 889 1551 vocato.

267 1593 424 1669 Infirmis
443 1592 603 1666 humeris
620 1590 783 1688 ingentia
801 1591 961 1687 pondera
977 1601 1081 1688 gesto

363 1709 509 1784 Eximio
526 1709 718 1784 decoratus
735 1707 881 1782 honore.

267 1826 328 1902 Me
344 1824 481 1924 populo
498 1850 658 1922 gnavum
676 1823 780 1897 Fidei
799 1823 904 1898 decet
923 1849 1001 1898 esse
1018 1821 1244 1920 magistrum,

365 1940 582 2037 Incorrupta
599 1939 746 2014 oracula
762 1937 852 2013 coeli

268 2055 450 2133 Instillare
468 2054 605 2148 animis,
626 2066 663 2129 et
679 2054 893 2129 confirmare
910 2054 1083 2146 labantes,

367 2170 668 2269 Impavidumque
685 2170 875 2246 retundere
893 2169 968 2246 tela

270 2286 426 2386 Objeeto
445 2286 584 2384 clypco.
604 2285 738 2362 Gravis
756 2297 811 2364 est
827 2285 1057 2362 credentibus
1075 2296 1185 2379 aetas,

369 2401 487 2494 Quam
505 2401 644 2478 tumido
663 2403 842 2502 sapientia
859 2403 955 2479 fastu

272 2517 409 2594 Imbuit
425 2518 635 2616 insipiens...
653 2518 737 2595 hinc
757 2519 999 2595 sollicitudine
1018 2519 1101 2594 ferri

369 2633 553 2708 Immensa
568 2635 774 2711 memorabo
791 2636 994 2712 ministrum
1010 2620 1014 2628 ยน

273 2750 309 2824 A
326 2749 452 2848 primis
469 2748 654 2825 homiuum
673 2751 777 2826 cunis
795 2752 840 2827 ad
859 2779 939 2828 sera
956 2752 1137 2852 sepulcra!

371 2865 469 2941 Ecce
487 2865 548 2940 diu
565 2878 749 2966 noctuque
768 2867 926 2948 labores!

274 2980 446 3056 Nascitur
464 2981 601 3078 antiqui
619 2982 760 3057 soboles
777 2983 963 3060 immunda
980 2983 1149 3083 parentis,

373 3097 423 3172 Et
439 3097 584 3172 niveam
603 3097 692 3173 facit
709 3125 788 3174 esse
805 3111 969 3176 renatam

276 3211 386 3287 Unda
401 3212 502 3310 novi,
521 3224 691 3311 superata
707 3215 803 3290 cadit
820 3215 1015 3314 plaudente
1034 3215 1200 3308 dracone,

372 3327 434 3403 Ad
450 3356 612 3428 pugnam
629 3331 829 3406 instaurata
844 3331 1015 3429 resurgit3

279 3447 377 3522 Dum
394 3447 490 3522 vires
503 3446 693 3545 'geminant
710 3447 882 3523 coelestia
900 3447 1044 3541 fercula,
1065 3447 1206 3524 tristem

375 3565 492 3639 Laeta
509 3574 632 3638 manet
648 3563 798 3638 victoria
814 3589 988 3661 pugnam,

278 3681 304 3756 ,J
307 3679 412 3778 ungit
428 3705 528 3754 amor
546 3705 706 3777 sponsos,
726 3678 896 3754 thalamis
912 3679 1170 3773 benedicimus,
1190 3690 1317 3758 unctos

378 3794 421 3869 In
439 3794 594 3892 patriam
613 3793 828 3869 comitamur
845 3794 970 3870 ituros.

281 3911 483 4010 Pervigiles
501 3911 643 3985 Aurora
663 3922 779 4004 vocat,
799 3912 1026 4011 pretiumque
1044 3912 1172 3989 salutis

381 4027 576 4104 Offerimus
593 4026 775 4124 gaudente
791 4054 922 4103 corona

281 4143 398 4220 Effusi
416 4143 551 4243 populi.
572 4143 788 4241 Rogitantes
806 4143 931 4219 tollere
949 4144 1098 4242 palmas,

380 4259 431 4334 Et
448 4287 591 4336 versare
609 4259 781 4358 perennia
798 4271 928 4354 mente,
