2930 4734
552 195 672 250 LIBER
700 192 890 251 SEPTIMUS

139 382 237 460 Sana
254 382 345 458 mihi
362 381 481 476 facies,
501 382 547 460 ad
561 381 678 458 sidera
695 381 823 458 tollere
840 380 982 456 vultum

137 498 290 598 Semper
306 499 441 598 ubique
457 497 556 574 licet.

161 657 167 672 ·
234 615 300 705 (J.)
319 613 421 706 Quae
439 640 581 712 semper
598 613 692 689 dona
709 613 880 707 feruntur,

135 729 331 806 Vilescunt
347 728 464 827 facile,
484 730 513 806 si
533 730 604 806 sint
621 739 757 827 erepta,
776 727 982 826 placebunt.

233 845 314 940 (V.)
333 844 434 939 Ossa,
454 871 549 938 caro,
569 844 728 942 sanguis,
745 869 814 937 cor,
835 842 1009 919 intestina
1020 843 1210 943 jecurque,

136 961 346 1055 Pulmones,
367 960 564 1054 cerebrum,
584 959 696 1052 nervi,
716 958 848 1036 cutis...
869 959 989 1034 omnia
1006 958 1165 1034 membra
1252 1007 1257 1018 =
1324 955 1327 960 ’

136 1078 187 1176 (N
190 1103 236 1154 on
253 1103 320 1174 ego
338 1102 418 1151 sum
435 1075 611 1173 medicus)
630 1101 770 1172 nequeo
788 1100 953 1150 sermone
970 1074 1139 1150 referre...

135 1193 304 1270 Omnia...
323 1192 418 1266 dona
435 1189 520 1266 Deil
541 1200 626 1266 sunt
643 1189 764 1264 omnia
779 1189 848 1266 rite
866 1189 1004 1265 locatal

136 1309 176 1386 Si
194 1335 319 1385 careas
336 1309 432 1382 uno?
449 1306 478 1381 si
495 1305 623 1381 morbo
639 1305 803 1381 membra
820 1304 1006 1380 laborent?

134 1425 270 1500 Noctes
286 1423 477 1515 insomnes,
498 1431 583 1496 sunt
600 1420 795 1518 pharmaca
810 1419 926 1514 multa
943 1420 1114 1518 paranda,

134 1539 208 1616 Res
226 1549 383 1638 angusta
400 1535 507 1630 domi,
526 1562 593 1611 nec
613 1561 696 1634 spes
714 1547 771 1611 est
788 1534 864 1610 ulla
881 1534 1043 1611 salutis...

133 1654 264 1754 Nuper
282 1654 361 1729 dira
377 1652 454 1727 lues
470 1662 613 1727 nostras
630 1651 780 1751 impune
798 1677 863 1749 per
880 1650 989 1726 urbes

135 1771 283 1864 Saeviit,
304 1768 376 1845 heu
394 1767 529 1844 multos
547 1767 613 1842 fati
631 1767 807 1842 violentia
825 1767 969 1842 stravit:

133 1887 214 1964 Nos
233 1911 358 1962 sumus
375 1883 593 1960 incolumes!

234 2001 306 2100 (R.)
325 2002 552 2098 Annonaque
571 2024 711 2095 semper
729 1996 905 2072 abundat!

132 2117 184 2192 Et
201 2143 266 2192 sua
283 2141 446 2214 quaeque
464 2114 541 2190 dies
558 2124 613 2188 ter
631 2112 778 2207 fercula,
799 2111 934 2210 pocula
951 2112 1137 2210 praebet...

132 2233 271 2331 Magna
287 2257 402 2331 penus
419 2229 603 2305 Domini...
622 2227 778 2304 mendici
797 2254 938 2326 semper
956 2253 1115 2325 egemus,

132 2345 420 2447 Accipimusque
436 2347 579 2444 stipem.
599 2343 763 2420 Pretiosa
779 2343 932 2443 pecunia
950 2343 1110 2420 Oroesis:

133 2467 187 2540 At
203 2464 304 2540 Deus
321 2463 550 2561 omnipotens
567 2471 759 2559 argentum
777 2459 961 2535 montibus
978 2459 1097 2536 infert.

231 2580 301 2673 (J.)
319 2579 418 2654 Pane
434 2587 557 2653 carent
574 2576 691 2670 multi,
710 2603 777 2674 per
794 2575 956 2674 compita
972 2575 1080 2651 turba
1099 2585 1264 2672 vagatur,

134 2695 387 2792 Continuoque
406 2692 498 2768 solet
515 2691 643 2768 valvas
661 2691 806 2790 pulsare
825 2692 1023 2786 domorum,

133 2809 256 2886 Pallor
273 2810 311 2884 in
329 2835 389 2885 ore
407 2808 517 2901 sedet,
537 2819 708 2884 tenuatae
727 2807 764 2881 in
782 2834 933 2904 corpore
950 2808 1061 2883 vires:

133 2925 235 3001 Dant
251 2925 416 3001 homines
433 2923 588 3018 obolum,
607 2935 766 3017 censent,
787 2950 826 2999 se
843 2924 958 2999 multa
976 2922 1128 3018 dedisse,

134 3041 253 3138 Saepe
270 3040 495 3139 repelluntur
511 3039 643 3132 miseri,
662 3038 897 3137 redeuntque,
918 3037 981 3113 sed
999 3064 1086 3114 ecce

132 3155 318 3232 Allatrant
333 3155 425 3250 illos,
447 3154 656 3254 spargitque
674 3155 805 3253 injuria
822 3154 932 3229 virus.

132 3273 336 3348 Tristantes
354 3271 498 3366 abeunt,
518 3273 590 3348 imo
608 3273 766 3371 suspiria
784 3271 891 3348 corde

132 3389 278 3463 Moesta
294 3387 455 3463 trahunt.

232 3502 306 3596 (V.)
324 3503 409 3577 Heu
427 3529 535 3600 saepe
553 3503 663 3597 venit,
684 3503 743 3578 oui
761 3502 917 3600 plurima
933 3512 1056 3578 mento

132 3617 296 3693 Canities
314 3615 451 3692 inculta
462 3618 575 3716 jacet,
595 3619 657 3717 qui
676 3619 830 3693 sustinet
848 3628 947 3692 artus

132 3732 288 3809 Innixus
306 3731 473 3810 baculo...
492 3745 657 3810 recreant
674 3733 826 3831 opsonia
843 3732 1014 3808 fessum...

132 3847 202 3924 Vir
219 3849 390 3947 precibus
408 3849 647 3949 lacrymisque
664 3861 802 3947 potens,
823 3848 959 3946 majora
976 3847 1151 3945 rependet

130 3962 239 4039 Dona
255 3964 367 4040 Deus.

231 4079 307 4172 (R.)
324 4079 453 4177 Nuper
469 4079 595 4155 laceris
612 4079 826 4155 muliercula
843 4079 971 4178 pannis

131 4194 311 4272 Accessit
326 4195 521 4293 trepidans,
542 4193 668 4270 effudit
685 4205 834 4292 pectore
853 4206 1011 4294 questus,
