2930 4734
549 194 668 248 LIBER
697 194 886 250 SEPTIMUS

135 377 290 454 Nonnisi
309 405 393 477 pars
412 378 542 452 nostrii
562 379 680 452 Labor
697 390 752 453 est
773 379 963 477 (intellige)
984 393 1117 458 totus...

134 493 268 570 Gordis
287 494 402 568 amor!
423 493 625 568 Redamarc
643 493 771 586 Deum,
794 495 854 591 qui
872 522 938 572 nos
956 509 1063 590 amat,
1084 525 1204 591 unum,

137 607 289 706 Semper
308 635 428 683 amare
446 608 566 682 Deum
584 607 737 683 ferventi
755 610 910 705 pectoris
928 623 1067 686 aestu...

133 723 270 817 Gloria,
290 724 452 816 deliciae,
472 749 595 821 gazae,
616 723 805 820 sapientia,
824 725 937 800 vital!

232 838 305 924 (F.)
323 837 470 913 Eminet
488 863 580 912 unus
598 838 714 932 home,
736 838 794 935 qui
814 841 1087 916 commendatur
1105 869 1234 936 amore,

133 951 234 1051 Ignis
253 981 362 1047 amor,
383 966 527 1028 nostrae
545 954 734 1050 pretiosior
751 954 835 1050 igne
852 955 1027 1053 coquinae
1043 999 1092 1010 -·-

131 1068 272 1143 Ardeat
290 1068 350 1144 hic
370 1095 521 1166 semper,
542 1067 738 1144 vehemens
757 1080 945 1145 exaestuet
962 1071 1071 1168 ignis!

131 1182 275 1280 Aspera
293 1185 421 1260 bruma
438 1183 565 1280 procul
583 1182 709 1280 rigidis
726 1183 966 1281 Aquilonibus
984 1185 1149 1262 horrens!

228 1298 307 1390 (G.)
326 1299 459 1374 Noster
477 1324 577 1373 amor
594 1299 718 1394 oritas,
738 1299 792 1372 vis
811 1309 865 1374 est
882 1300 1061 1397 roburque
1078 1303 1182 1376 virile
1198 1345 1248 1357 -

131 1412 260 1489 Hostis
278 1414 390 1506 adest,
411 1412 625 1488 furibundus
643 1413 745 1488 adest
763 1425 800 1487 et
816 1413 967 1490 callidus
985 1415 1100 1491 hostis

128 1528 253 1604 Caede
270 1555 439 1604 nocens...
459 1527 546 1625 qnid
564 1528 642 1602 vita
660 1528 729 1602 nisi
746 1538 928 1603 certamen
940 1531 1099 1606 amoris?

129 1642 258 1720 Omnis
275 1642 383 1718 homo
400 1642 514 1736 miles,
534 1643 673 1718 medios
690 1643 886 1718 moriturus
903 1644 940 1717 in
958 1644 1079 1720 hostes

128 1759 258 1852 quat,
278 1769 316 1835 et
333 1759 478 1833 dabitur
495 1757 594 1833 vitae
611 1757 765 1833 victoria
781 1760 899 1833 morti.

126 1874 228 1949 Dant
244 1874 410 1950 flammae
427 1873 599 1965 flammas,
621 1884 657 1947 et
676 1899 775 1947 amor
791 1885 983 1970 generatur
1001 1901 1135 1972 amore3

126 1987 225 2064 Dum
242 1990 343 2088 pueri
362 1989 545 2086 languent,
566 1987 774 2063 adolescens
791 1989 918 2064 robore
937 2001 1108 2088 praestat,

126 2104 359 2202 Imbellisque
378 2131 488 2180 senex
506 2103 633 2178 baculo
651 2103 806 2200 vestigia
822 2103 954 2199 firmat,

125 2219 276 2296 Viribus
294 2219 481 2295 exhaustis
498 2219 655 2293 moriens
674 2245 739 2293 sua
756 2219 893 2294 lumina
910 2220 1061 2294 claudit:

124 2335 178 2413 At
196 2335 292 2411 vires
310 2336 452 2410 animae
471 2361 613 2431 semper
631 2334 860 2409 cumulentur
878 2346 1029 2432 oportet,

124 2449 179 2526 Ut
195 2451 320 2526 vincat
336 2450 492 2525 moriens
509 2449 638 2526 fortem
656 2449 870 2525 fortissimus
887 2450 1037 2526 hostem.

223 2566 294 2659 (F.)
313 2565 383 2641 Dic
403 2565 465 2639 ubi
484 2565 634 2640 deliteat
651 2576 773 2640 tantae
791 2565 936 2640 virtutis
954 2568 1063 2664 origo.

221 2681 296 2774 (G.)
311 2681 482 2756 Summus
496 2679 597 2776 origo
611 2679 721 2775 Deus,
737 2680 798 2777 qui
816 2691 974 2756 mentem
993 2682 1127 2758 lumine
1143 2685 1283 2783 lustrat,

121 2797 197 2872 Gor
213 2795 367 2871 flammis
386 2795 469 2888 urit,
490 2795 566 2869 sine
584 2794 731 2869 numine
750 2794 870 2869 nullus
888 2797 1034 2890 amavit,

120 2911 257 2987 Nullus
276 2912 393 2986 amati
415 2910 586 2985 Precibus
606 2910 704 2984 cordi
723 2936 938 3006 quaeramus
956 2938 1123 3006 amorem,

119 3027 224 3104 Tolle
242 3053 380 3126 preces,
400 3037 571 3100 tenuatur
589 3025 745 3100 amori...
766 3024 839 3100 Our
856 3037 996 3101 moesta
1013 3027 1146 3126 dolore,

118 3143 238 3238 Flora,
258 3145 400 3244 gemis?
418 3142 496 3236 Dic,
517 3143 612 3218 alma
630 3169 737 3234 soror,
757 3169 849 3240 quae
868 3168 978 3232 causa
995 3146 1185 3240 gemendi?

217 3259 289 3345 (F.)
306 3260 392 3335 Heu
410 3260 565 3334 subeunt
582 3259 674 3353 anni,
695 3259 791 3332 vitae
808 3257 1012 3334 miserabile
1030 3265 1186 3359 tempus,

116 3377 326 3474 Aspernata
343 3401 472 3474 preces
490 3401 555 3472 per
573 3374 679 3449 devia
697 3374 809 3448 stulta
827 3374 994 3470 vagabar,

116 3491 366 3589 Ridebamque
384 3489 491 3565 levis!

217 3607 289 3706 (G.)
310 3608 509 3704 Lacrymae
527 3616 760 3681 monumenta
778 3604 921 3701 doloris,

116 3723 166 3799 Et
184 3725 321 3799 virtute
338 3723 458 3798 crucis
476 3722 588 3797 tacito
606 3734 758 3819 peccata
775 3722 896 3796 dolore

118 3837 249 3918 Omnia
267 3839 452 3932 tolluntur,
472 3849 509 3914 te
520 3839 600 3936 jam
618 3838 739 3913 lavere
758 3837 883 3912 salutis

116 3954 263 4031 Balnea.

216 4070 259 4168 (F
263 4070 285 4167 )
307 4069 463 4146 Gemma
482 4097 589 4164 soror,
611 4097 703 4168 quae
721 4097 778 4145 me
798 4069 979 4144 dementia
995 4069 1108 4168 cepit!

115 4184 343 4261 Profundunt
362 4186 423 4262 alii
441 4213 615 4280 nummos,
636 4212 704 4282 ego
721 4185 867 4260 numine
885 4185 983 4260 laeso
