2972 4738
579 181 700 236 LIBER
725 181 872 237 sams

139 370 286 468 Frigore
303 382 401 446 torta
416 368 531 466 gravi,
550 368 691 444 soboles
707 369 852 444 inimica
869 369 1038 459 Deorum,

139 485 211 561 Uni
230 513 334 561 sacra
351 485 465 560 Deo...
484 484 592 582 longo
609 486 809 560 certamine
828 487 959 561 victrix

138 602 240 678 Dicis
258 601 299 676 Io
317 601 437 692 Pater,
457 611 495 676 et
512 599 639 697 Virgo,
658 600 739 674 Rex
758 600 904 676 Christe
925 602 1136 678 Redemmr!

234 716 308 813 (D.)
329 715 501 813 Quisquis
517 715 586 790 iter
602 707 695 790 coeli
713 717 842 814 carpit,
862 718 1018 814 perferre
1038 718 1188 811 labores,

138 834 187 908 Et
204 834 301 908 mala
318 832 431 907 multa
449 832 526 930 pati
544 831 668 908 divina
685 859 772 908 voce
783 834 946 930 jubetur.

137 951 272 1024 Noster
289 959 430 1046 pugnat
446 973 556 1040 amor,
576 961 662 1023 sunt
678 949 816 1046 proelia
832 963 955 1024 nostra
971 950 1122 1042 dolores,

136 1065 270 1140 Deleta
286 1064 398 1162 culpa
413 1062 623 1140 redimenda
638 1077 694 1139 est
711 1091 828 1161 poena
845 1082 1065 1163 superstes...

138 1181 261 1257 Poena
279 1179 389 1254 dolor.
409 1179 541 1254 Poenis
558 1180 817 1255 exercebantur
834 1180 966 1279 ubique

136 1297 303 1394 Insignes
320 1295 493 1390 homines,
512 1294 613 1371 nullo
629 1322 701 1370 non
719 1308 881 1394 tempore
899 1325 1034 1395 poenas

137 1413 360 1507 Quaesivbre
378 1414 499 1510 etiam,
517 1412 621 1510 lapso
638 1414 836 1490 tentamine
854 1415 951 1488 vitae

136 1528 343 1606 Incolumes
361 1529 538 1627 gaudenti
557 1571 606 1582 —-
623 1527 824 1604 Ultricibus
840 1530 965 1604 abdita
982 1530 1135 1606 flammis

135 1647 239 1722 Gens
256 1646 469 1742 lacrymosa,
487 1645 557 1741 piis
573 1655 610 1720 te
628 1645 748 1718 verbis
766 1645 928 1744 alloquor
946 1646 1049 1738 ultr0,

135 1763 333 1861 Progenies
351 1761 482 1836 dilecta
498 1760 588 1856 De0,
607 1788 699 1859 quae
717 1761 861 1858 segnior
878 1761 963 1837 olim

135 1879 246 1954 Nunc
264 1877 400 1976 pateris
417 1877 619 1975 graviora...
637 1903 770 1974 preces,
789 1878 967 1975 patientia
983 1889 1118 1974 nostra,

134 1994 328 2092 Multaque
348 1991 540 2068 Santorum
560 2005 711 2090 prosunt
729 1992 858 2068 solatia
876 1993 990 2068 vobis

134 2109 296 2186 Vincula
313 2118 537 2206 rumpuntur,
558 2117 659 2206 patet
677 2108 806 2202 exitus,
826 2119 910 2183 aera
926 2109 1067 2184 findunt

134 2226 401 2321 Coelorumque
417 2234 525 2298 tenus
543 2223 674 2299 festivo
692 2223 789 2299 laeta
804 2224 989 2322 triumpho

133 2340 297 2439 Agmina
313 2338 505 2436 tolluntur;
525 2338 648 2414 Sancti
666 2341 894 2416 venientibus
912 2368 996 2416 ecce

135 2457 342 2533 Occurrunt
359 2454 501 2548 hilares,
521 2455 673 2540 fratrum
692 2483 731 2531 se
748 2484 846 2532 more
865 2457 1034 2532 salutant.

133 2574 194 2647 Ex
212 2600 283 2670 quo
300 2582 406 2671 porta
422 2583 525 2669 patet
544 2571 646 2664 coeli,
667 2573 718 2647 sic
738 2572 810 2646 itur
828 2573 873 2647 ad
892 2585 1000 2670 astra,

133 2690 262 2764 Donec
283 2714 423 2763 summa
440 2688 517 2763 dies
534 2687 628 2762 ferro
645 2698 682 2762 et
698 2687 934 2785 compagibus
952 2689 1060 2764 arctis

134 2805 308 2880 Bissenas
324 2802 474 2878 claudat
487 2814 620 2902 portas.

235 2918 308 3016 (A).
328 2919 412 2994 Non
430 2946 489 2994 ore
507 2919 671 3016 magistri

133 3035 318 3109 Erudiunt
336 3061 467 3131 pueros
486 3033 619 3127 Sancti,
638 3062 709 3109 non
728 3048 848 3110 castra
866 3048 1071 3134 sequuntur,

132 3151 219 3226 Non
237 3150 321 3224 lites
339 3150 519 3244 dirimunt,
539 3177 611 3226 non
629 3152 746 3249 aegris
764 3151 958 3250 pharmaca
975 3155 1158 3251 praebent,

132 3265 220 3340 Non
237 3277 406 3341 coemunt
423 3292 571 3360 merces,
592 3293 664 3341 non
683 3267 849 3343 scindunt
866 3296 1009 3343 vomere
1027 3269 1162 3366 glebas,

131 3382 220 3456 Non
236 3393 390 3478 pascunt
407 3408 531 3478 agnos,
550 3410 622 3457 non
641 3383 785 3460 sulcant
803 3412 959 3483 aequora
976 3396 1116 3476 nautae,

132 3497 220 3571 Non
238 3508 414 3595 quaerunt
430 3523 605 3592 nummos,
626 3526 697 3573 non
717 3499 882 3597 plectunt
900 3501 1051 3574 crimina
1069 3499 1218 3577 sontis...

132 3613 258 3688 Prima
275 3613 430 3688 abiere...
449 3628 585 3691 canunt
603 3617 748 3692 sociatis
767 3618 915 3693 vocibus
935 3618 1096 3716 hymnos.

133 3729 241 3821 Quot,
262 3740 419 3826 quantae
438 3733 564 3805 voces!
584 3731 691 3807 Tanti
710 3733 955 3808 modulamina
973 3747 1102 3808 cantus

132 3846 253 3918 Aures
271 3871 342 3918 non
360 3846 511 3943 capiunt
528 3846 725 3940 hominum,
745 3850 936 3924 concordia
954 3877 1085 3923 vocum

132 3958 249 4052 Felix,
270 3972 309 4035 et
326 3963 435 4036 variis
452 3961 604 4038 effusum
623 3966 774 4040 vocibus
793 3993 903 4040 uuum

132 4074 289 4150 Carmen
306 4076 343 4150 in
361 4077 537 4153 aethereis
552 4080 731 4156 coelorum
749 4095 919 4180 personat
937 4083 1036 4176 aulis,

133 4187 407 4289 Spirituumque
425 4187 541 4292 r'eplet
557 4197 648 4271 mira
667 4197 857 4274 dulcedine
876 4227 1012 4274 seusus.
