2972 4738
523 237 643 292 LIBER
671 235 816 304 SEXTUS

81 425 168 499 Non
185 423 323 522 gladio,
341 433 392 517 tu,
412 421 554 500 Chlori!
573 448 693 498 meam
710 447 806 497 nunc
826 422 953 520 accipe
970 432 1144 498 mentem:

91 539 206 616 Verbo
221 550 363 637 rogant,
383 538 524 636 quoties
543 537 761 614 Sanctorum
774 536 1009 614 advolvimur
1027 537 1107 631 aris,

80 657 133 731 Et
151 656 293 754 quoties
310 655 450 730 animas
467 655 540 730 ritu
557 653 831 746 reminiscimur,
850 652 933 728 illas

81 773 199 846 Furta
215 781 356 870 rogant.
375 770 511 846 Misero
530 770 559 846 si
578 795 709 868 panem
727 769 841 847 tradis
860 796 984 867 egene,

81 887 256 963 Traditus
273 887 334 994 bic
352 885 457 985 panis
475 913 594 962 nonne
613 897 669 962 est
688 886 802 961 oratio
821 886 1004 984 supplex?
1058 920 1061 932 ·

82 1002 188 1078 Dicis
205 1002 302 1078 enim
321 1001 509 1100 (meditare
527 1001 686 1100 precor):
705 1001 763 1076 Do
780 1001 848 1078 tibi
866 1028 1009 1101 panem,

83 1118 220 1194 Verum
239 1118 349 1193 redde
367 1144 511 1216 preces:
531 1117 673 1193 animae
691 1117 879 1215 patiuntur
898 1121 1044 1216 egeriae,

85 1232 284 1332 Suppetias
300 1234 464 1331 praebes,
484 1233 610 1310 dicunt
629 1232 759 1308 solatia
776 1232 866 1311 lata:

84 1349 163 1424 Vos
181 1350 316 1425 virtute
334 1375 485 1447 precum
501 1347 606 1422 nobis
623 1347 827 1423 benedicite
846 1373 1000 1446 semper.

85 1465 290 1564 Corripitur
306 1466 441 1558 morb0‚
461 1491 570 1562 quam
587 1474 667 1542 toto
685 1465 843 1562 pectoris
861 1475 964 1539 aestu

83 1579 230 1678 Diligis,
249 1581 406 1656 infandis
424 1580 647 1656 cruciatibus
666 1607 748 1656 ossa
765 1580 938 1673 laborant,

84 1697 172 1772 Heu
191 1697 268 1772 sine
286 1696 365 1772 luce
383 1697 496 1790 facua,
517 1697 577 1794 qui
595 1695 795 1795 pharmaca
812 1695 986 1794 praebeat
1005 1694 1067 1788 ori,

85 1811 221 1887 Nullus
239 1813 348 1906 adest,
369 1824 561 1911 versatque
578 1823 709 1889 torum.
729 1811 912 1888 Misereris
930 1837 1075 1909 egenae,

85 1927 216 2003 Dulcis
234 1929 353 2003 amica
370 1927 482 2021 volas,
502 1928 660 2026 prudens
678 1927 809 2003 ancilla
826 1926 1020 2019 ministras,

86 2044 283 2120 Immemor
300 2044 381 2142 ipsa
399 2044 453 2118 tui
471 2071 609 2122 memor
627 2071 665 2120 es
690 2044 873 2142 patientis,
893 2055 931 2119 et
949 2069 1033 2118 ecoe

86 2160 237 2236 Nullam
256 2159 373 2258 poscis
391 2185 497 2258 opem
514 2160 663 2235 verbra...
684 2187 728 2235 en
745 2158 903 2256 imagine
921 2158 1043 2234 demta

86 2276 167 2351 Nos
185 2276 375 2351 animabus
393 2302 499 2374 opem
517 2276 674 2368 ferimus,
695 2302 760 2350 nos
778 2287 941 2374 tempore
961 2274 1087 2350 eodem

88 2393 280 2470 Poscimus
298 2391 475 2468 auxilium
492 2392 597 2468 nobis
614 2393 692 2468 sine
710 2419 799 2468 voce
817 2391 1017 2489 loquentes.

89 2509 187 2600 Quin
205 2509 314 2584 etiam
332 2508 489 2606 rogitare
507 2519 611 2584 vetat
627 2507 805 2607 sapientia
822 2507 955 2582 verbis:

87 2624 282 2700 “Pluribus
299 2625 462 2700 intentus
479 2623 596 2700 minor
614 2635 670 2700 est
688 2624 734 2699 ad
752 2623 895 2721 singula
912 2649 1061 2719 sensus„
1081 2666 1130 2676 -

87 2740 186 2815 Hinc
203 2740 233 2816 si
251 2751 377 2838 poscat
394 2767 501 2838 opem
518 2740 640 2816 verbis
658 2739 819 2833 ecclesia,
838 2739 946 2815 turba
1047 2741 1049 2746 ⁸

87 2856 180 2930 Fors
198 2857 337 2931 animas
354 2856 493 2933 leviora
510 2857 588 2955 pati
605 2867 787 2932 tormenta
806 2866 963 2954 putaret,

88 2972 181 3048 Fors
198 2971 307 3048 etiarn
324 2984 448 3072 posset
466 2999 674 3048 succurrere
691 2972 796 3047 tarda
813 2972 946 3050 labore.

139 3171 142 3178 ,
187 3087 372 3164 Noveritis
391 3115 543 3187 quoque,
565 3087 779 3164 Sanctorum
797 3087 1017 3186 praecellere
1034 3097 1190 3180 coetum,

87 3202 312 3302 illorumque
331 3204 432 3302 sequi
451 3204 549 3280 lento
568 3205 726 3302 vestigia
743 3231 854 3302 passu

87 3317 293 3396 Tristantes
312 3321 463 3395 animas.
485 3319 631 3396 Sanctis
649 3321 887 3418 regnantibus
906 3348 992 3419 ergo

87 3435 159 3512 Est
175 3437 291 3534 major
307 3436 522 3512 tribuendus
540 3436 662 3530 honor,
683 3423 908 3534 patientibus
928 3448 1050 3512 autem

89 3550 236 3650 (Crede)
257 3553 387 3649 minor;
409 3551 562 3628 Sanctos
580 3552 692 3650 igitur
709 3553 867 3651 rogitare
885 3551 1074 3652 loquendo,

86 3667 322 3765 Languentes
340 3668 479 3743 animas
497 3679 662 3766 praestat
679 3670 837 3767 rogitare
856 3668 1010 3744 silendo:

89 3782 163 3860 Sed
181 3782 267 3858 dum
285 3783 387 3858 labra
405 3783 522 3877 silent,
545 3783 647 3882 (mihi
666 3785 820 3872 credite)
838 3786 938 3860 facta
954 3783 1162 3882 loquuntur.

187 3897 296 3997 (Ohl.)
317 3898 451 3974 Erudis
469 3899 601 3976 eximio
618 3911 659 3976 tu
677 3928 742 3977 nos
761 3928 924 3977 sermone
942 3900 1126 3998 magister,

87 4011 184 4088 Sunt
201 4013 324 4089 dulces
341 4014 534 4114 lacrymae,
555 4043 647 4113 quae
664 4016 880 4114 labebantur
898 4043 1053 4110 amarae,

87 4128 317 4228 Conquirant
334 4130 498 4205 homines
516 4131 658 4228 argenti
676 4131 817 4230 pondus
835 4142 872 4207 et
890 4133 983 4207 auri:

87 4244 160 4320 Est
176 4245 304 4320 melior
322 4246 426 4322 nobis
444 4246 646 4322 adamanda
663 4247 828 4346 pecunia,
850 4248 1007 4348 Thyrsel
