3030 4734
540 203 660 255 mnus
693 169 872 271 odacrus

573 669 676 782 oon
702 704 843 780 xxvi.

634 964 786 1040 rmus,

226 1223 285 1277 Est
301 1230 389 1276 auum
407 1223 489 1274 Fides
507 1224 703 1290 sperandarum
722 1223 871 1276 mutantia
889 1241 989 1292 rerum,
1008 1232 1194 1292 argumentum

456 1329 510 1364 non
529 1313 725 1380 apparentium.
747 1311 845 1381 (Hebr.
866 1313 907 1380 11,
928 1312 967 1381 1).

238 1543 437 1635 Credamus,
457 1543 636 1618 immanes
655 1544 797 1620 sinuare
815 1543 1007 1638 volumina,
1029 1545 1123 1619 diros

331 1660 400 1734 Per
418 1659 555 1756 Libyae
574 1660 715 1735 deserta
733 1660 904 1735 dracones

231 1775 414 1872 Spargere
431 1775 530 1850 virus
546 1787 661 1869 atrox,
681 1776 821 1872 aquilas
838 1777 1045 1874 contingere
1062 1777 1186 1871 nubes,

331 1890 568 1966 Horrentisve
588 1892 774 1967 cacumine
792 1893 892 1990 rupis

231 2005 455 2104 Praecipites
474 2005 566 2100 ferri,
586 2007 811 2105 rapientibus
829 2008 1011 2105 unguibus
1030 2035 1142 2104 agnos

329 2121 381 2196 Et
398 2133 516 2198 rostro
533 2122 669 2198 laniare
687 2123 886 2199 tremendo.

240 2235 438 2332 Credamus,
460 2237 647 2312 horribiles
665 2238 841 2314 immensa
856 2238 951 2313 mole
969 2239 1141 2315 balaenas
1247 2331 1251 2338 ¹

333 2353 466 2429 Oceani
484 2380 695 2451 percurrere
711 2353 849 2447 fluctus,

232 2467 443 2544 Visceribus
460 2480 578 2544 terrae
595 2470 699 2544 condi
717 2469 876 2568 pretiosa
893 2469 1051 2564 metalla,

332 2584 382 2658 Et
398 2610 561 2682 gemmas
579 2585 717 2660 radiare
736 2611 800 2683 per
819 2585 953 2679 orbem,

233 2700 447 2776 Innumeros
463 2701 569 2777 fiores
588 2701 697 2777 variis
715 2703 922 2800 regionibus
941 2703 1009 2797 edi,

333 2816 383 2891 Et
400 2816 539 2913 fulgere
556 2817 734 2892 coloribus
752 2817 888 2892 hortos.

235 2931 276 3008 Si
294 2932 374 3029 quis
391 2933 640 3007 Alexandrum
657 2943 758 3008 terno
777 2933 973 3009 certamine
993 2934 1122 3008 Persas

338 3047 555 3145 Subjecisse‚
576 3049 784 3146 potentibus
803 3050 912 3124 armis

235 3163 419 3238 Romanos
435 3153 569 3239 referat
586 3148 807 3240 Teucrorum
827 3165 938 3263 stirpe
955 3175 1094 3240 creatos

335 3279 385 3355 Et
402 3280 556 3378 populos
574 3281 756 3355 domuisse
774 3280 910 3356 feroces

233 3395 285 3468 Et
304 3421 430 3491 regum
448 3395 560 3493 capiti
578 3395 718 3494 priscas
735 3395 898 3493 rapuisse
915 3422 1076 3491 coronas,

334 3512 456 3609 Atque
473 3511 590 3585 virum
610 3511 824 3608 cognomine
843 3511 1018 3609 Magnum

234 3624 447 3720 Germanos,
469 3626 590 3720 Italos,
611 3627 773 3702 Francos
791 3626 926 3702 virtute
944 3626 1103 3702 secunda

335 3741 492 3840 Imperio
510 3743 669 3818 sociasse
688 3742 881 3836 Quiritum,

233 3855 421 3954 Europam
438 3858 604 3933 turbasse
622 3858 694 3954 diu,
714 3857 876 3934 calcasse
894 3869 1097 3956 tyrannum,

335 3972 451 4063 Quem
468 3973 564 4048 tristi
582 3973 682 4048 dedit
698 3972 816 4048 insula
833 3973 918 4068 fato,

234 4087 360 4163 Insula
378 4115 484 4186 quem
502 4089 620 4163 tenuit
637 4089 739 4186 vigili
756 4089 905 4165 custode
923 4089 1107 4182 Britanno

334 4204 383 4277 Ni
402 4203 514 4279 simus
531 4203 681 4278 rationis
700 4215 858 4301 egentes,
