2988 4730
685 189 900 245 camimum
1020 163 1023 169 ’

687 691 790 821 QDE
817 693 900 768 XV.

683 985 910 1063 turcum.

484 1280 621 1349 Respicite
639 1281 761 1334 volatilia
778 1282 850 1335 coeli.
872 1281 981 1350 (Matth.
1001 1283 1027 1350 6,
1047 1283 1104 1352 26).

394 1545 513 1620 Nidus
531 1545 590 1622 hio
610 1545 733 1622 condit
749 1547 820 1621 tria
837 1573 971 1645 parvus
989 1576 1067 1642 ova,

393 1662 512 1738 Nidus
528 1662 566 1736 in
582 1673 663 1736 tuta
679 1690 794 1740 eavea
811 1675 976 1761 paratus:

394 1779 528 1854 Vimen
546 1789 602 1854 est
618 1805 762 1872 nexum,
782 1778 983 1877 glomerata
1000 1781 1133 1877 promit

783 1895 886 1970 Lana
902 1894 1069 1971 calorem.

394 2123 550 2200 Incubat
566 2135 683 2200 mater
699 2123 847 2200 rationis
865 2151 1004 2223 expers,
1035 2141 1041 2158 ·

395 2239 446 2314 Et
462 2239 565 2316 fovet
582 2240 714 2339 plumis
730 2263 908 2338 generosa
925 2240 1053 2334 foetus,
1118 2303 1122 2310 .

394 2355 472 2432 Nec
489 2355 609 2432 locum
626 2382 759 2449 carum,
778 2357 848 2431 nisi
866 2368 1015 2454 quaerat
1033 2383 1161 2449 escam,

783 2473 898 2548 Fessa
914 2472 1093 2571 relinquit.

394 2705 491 2780 Ecce
509 2703 565 2780 bis
583 2716 722 2803 septem
740 2705 830 2803 vigil
849 2705 938 2782 haec
955 2705 1083 2781 diebus

393 2821 506 2896 Arcet
523 2846 544 2894 a
560 2819 646 2895 nido
662 2831 882 2896 nocumenta
897 2831 1027 2915 custos,

394 2935 603 3012 Immanens
621 2937 709 3030 ovis,
729 2936 798 3012 nisi
816 2945 900 3012 trux
912 2939 1096 3036 jacentem

785 3053 948 3129 Dextera
964 3053 1089 3152 pellat.

395 3283 454 3359 En
470 3310 606 3359 marem
624 3283 778 3382 supplex
796 3294 904 3360 vocat
921 3283 985 3358 illa
1002 3310 1153 3382 poscens

396 3399 534 3476 Grana:
553 3426 631 3474 mas
648 3399 766 3474 laetus
783 3398 872 3474 facit
888 3400 1075 3497 imperata,

395 3513 524 3613 Egerit
540 3526 666 3609 rostr0,
686 3515 882 3614 tribuitque
900 3515 1023 3614 largus

784 3630 925 3707 Pabula
942 3644 1069 3707 rostro.

395 3860 580 3938 Corticem
598 3862 748 3961 rumpit:
766 3863 900 3938 teneris
917 3863 954 3937 in
973 3862 1051 3938 ovis

395 3977 527 4052 Haesit
544 3977 723 4073 albumen,
743 3977 812 4053 fuit
828 3989 865 4053 et
883 3977 1037 4071 vitellus,

395 4090 556 4190 Tempus
574 4091 662 4170 haec
681 4104 813 4184 mutat,
829 4120 926 4169 nova
942 4120 1037 4170 nunc
1053 4104 1220 4170 movetur

793 4207 873 4282 Al*rs
889 4207 927 4284 in
944 4208 1051 4283 auris.
