3030 4734
212 225 263 281 196
684 230 896 287 CARMINUM

263 421 346 495 Non
364 419 433 495 fuit
451 420 544 494 ullus
562 418 670 494 homo
687 416 785 494 felici
803 409 955 516 Virgine
974 418 1105 508 demta,

359 536 492 609 Nullus
512 535 618 610 homo
636 536 865 633 generabitur
882 561 1039 631 unquam

265 652 366 726 Labe
382 678 507 726 carens
525 652 632 747 omni,
652 652 737 726 dum
755 651 851 725 vitae
870 651 1030 747 carpitur
1049 675 1143 740 aura,

361 768 412 842 Et
430 768 542 843 vestis
559 768 731 842 mundata
750 768 895 842 lavacro
1069 853 1072 870 ι

265 884 444 958 Polluitur
461 882 610 958 maculis
629 883 819 981 sordetque
838 882 1085 980 frequentibus
1102 880 1209 976 eheu3

362 998 446 1074 Una
465 999 560 1074 salus
577 999 614 1072 in
633 999 805 1096 sanguine
825 997 977 1073 Christi!

266 1116 379 1190 Nulla
397 1116 494 1190 salus
511 1115 658 1208 miseris,
678 1114 715 1187 ni
732 1114 885 1188 flammis
903 1113 1012 1188 corda
1030 1112 1220 1203 calescant,

362 1231 411 1308 Ni
429 1232 607 1328 lacrymae
624 1230 784 1304 cieantur
803 1256 955 1304 amarae.
1000 1300 1001 1304 ,

266 1348 316 1423 Ft
332 1357 525 1424 renovatus
542 1347 649 1421 homo
667 1356 770 1420 vasto
788 1345 1000 1426 contendere
1012 1351 1143 1441 'campo

364 1464 655 1562 Circumquaque
673 1461 872 1536 furentibus
890 1460 982 1536 eheu

267 1580 444 1655 Hostibus
462 1605 655 1677 oppressus
673 1577 795 1651 divina
812 1577 892 1674 lege
905 1577 1069 1673 jubetur,
1152 1561 1155 1574 ¹

364 1695 471 1769 Miles
488 1695 603 1787 hom0,
624 1693 833 1768 discrimina
849 1691 935 1766 belli

267 1811 394 1904 Multa,
414 1810 513 1886 dabit
532 1810 633 1908 vigili
651 1810 782 1884 laetam
801 1807 953 1883 victoria
970 1806 1126 1905 palmam

365 1925 546 2002 Continuo
563 1924 736 2022 parienda
754 1923 884 1998 dolore.

270 2041 453 2138 Sanguine
471 2040 611 2115 deletur
628 2040 813 2116 teterrima
829 2037 946 2136 culpa,
967 2037 1029 2114 sed
1047 2037 1138 2113 eheu

364 2156 487 2231 Poena
503 2166 625 2230 manet
643 2154 795 2230 delenda
811 2153 943 2247 doloro,

269 2270 437 2346 Vivimus
455 2272 683 2346 immemores
701 2296 847 2366 poenae,
867 2269 1110 2366 praetervolat
1127 2269 1223 2359 hora,

365 2386 466 2462 Finis
485 2386 596 2480 adest,
616 2385 793 2461 delebitur
811 2385 895 2460 olim

270 2503 436 2579 Carceris
453 2501 619 2578 horrendi
638 2501 897 2599 crepitantibus
914 2501 1067 2598 ignibus,
1088 2511 1190 2574 atrox

367 2619 488 2692 Poena
504 2627 636 2710 manet,
656 2616 717 2714 qui
734 2626 836 2713 terga
852 2616 1004 2713 flagellis

272 2733 500 2826 Subtraxere,
521 2759 620 2808 rosas
638 2732 749 2830 capiti
768 2734 929 2828 sparsere
948 2743 1119 2806 venustas
1131 2772 1180 2784 -·-

367 2849 489 2924 Poena
507 2848 566 2922 via
583 2857 648 2942 est,
665 2873 756 2944 quae
774 2846 874 2922 ducit
892 2846 937 2920 ad
955 2848 1068 2922 astra!

275 2965 417 3040 Felices
433 2964 624 3060 lacrymae,
643 2989 734 3060 quae
749 2989 845 3036 nunc
865 2962 1033 3038 labuntur
1050 2963 1204 3056 obortae,

367 3080 466 3171 Quas
482 3079 595 3154 letum
611 3079 774 3175 deterget
795 3079 936 3153 euntes!
1155 3155 1157 3160 ,

274 3197 322 3271 Ni
340 3195 473 3270 fuerint
489 3194 650 3287 comites,
668 3194 737 3267 nisi
752 3193 875 3267 mollia
891 3193 1001 3268 corda
1016 3195 1186 3290 rigentur,

367 3311 479 3385 Nulla
494 3336 642 3406 precum
659 3308 800 3402 fiducia,
819 3308 950 3384 frustra

271 3427 373 3503 Voce
389 3427 583 3524 fatigamus
600 3451 762 3522 superos:
780 3424 1022 3522 praemittitur
1038 3424 1162 3521 imber,

368 3543 418 3617 Et
434 3542 595 3638 locuples
612 3540 725 3615 oratio
741 3541 893 3638 gaudet!

273 3658 369 3732 Nota
386 3657 472 3732 viris
488 3657 623 3732 sanctis
640 3656 727 3730 haec
742 3682 824 3731 rara
840 3655 991 3731 scientia
1007 3655 1156 3730 dudum:

369 3772 598 3870 Torquebant
614 3772 753 3869 jejunia
769 3771 898 3864 fauces

272 3887 385 3962 Fessa
400 3888 500 3962 brevi
518 3915 641 3963 somno
658 3887 876 3962 claudebant
891 3887 1036 3980 lumina,
1056 3912 1196 3983 semper

369 4003 487 4078 Dulce
503 4004 579 4101 pati
597 4003 775 4101 sapientia
790 4002 897 4078 vitae.

275 4117 366 4194 Sunt
383 4118 487 4192 binae
504 4119 638 4195 volucri
655 4145 803 4217 pennae,
823 4120 852 4194 si
870 4118 1068 4216 dempseris
1085 4141 1202 4210 unam,

370 4234 489 4309 Tarda
505 4235 629 4332 nequit
645 4263 709 4333 per
727 4236 832 4310 inane
848 4231 999 4310 moveri:
