2988 4730
672 237 885 292 CARMINUM

269 420 320 496 Et
337 421 463 498 fauces
480 422 617 520 agitare
636 423 740 517 fame,
760 425 981 523 miserosque
999 424 1129 519 levare,
1210 489 1212 494 .

367 539 418 615 Et
434 540 561 614 taedas
580 540 698 616 odisse
711 540 858 640 jugales

270 653 443 753 Virgineo
461 684 603 754 semper
620 656 777 731 redimiti
794 657 882 733 flore
895 657 1077 755 jubemur.
1095 699 1144 710 -

366 772 463 847 Dum
480 799 600 848 mereo
618 773 799 871 stipendia
815 773 928 866 miles,

268 886 332 962 Bis
349 899 477 985 quater
492 888 664 964 intumuit
681 889 794 986 riguis
812 889 994 964 vindemia
1012 889 1157 965 labris...
1180 961 1186 972 ,

367 1003 406 1079 si
424 1003 556 1079 vellem
574 1030 721 1079 censere
740 1004 903 1080 labores?

267 1116 385 1207 Induo
401 1146 497 1194 nunc
517 1119 659 1212 hilares,
681 1147 777 1196 nunc
799 1131 957 1196 moestos
975 1121 1152 1196 contraho
1171 1121 1306 1215 vultus,

363 1234 457 1312 Esse
475 1236 577 1310 bonis
593 1235 691 1311 mala
708 1237 823 1311 mixta
840 1236 1043 1312 recordor...

266 1349 439 1425 Demerui
457 1350 566 1447 solus,
584 1352 698 1426 merui
716 1361 762 1445 te,
784 1351 940 1447 Christe,
959 1351 1141 1426 fauente...

363 1466 563 1542 Auctorem
580 1478 617 1541 te
635 1467 742 1542 laudo
759 1468 943 1560 bonorum,

266 1580 367 1656 Idem
385 1608 494 1680 parce
511 1609 583 1657 reo.
603 1582 759 1679 Fugiam
778 1593 938 1681 peccata,
959 1582 1095 1675 calche,

365 1696 404 1773 Si
423 1697 527 1790 vires,
549 1707 736 1791 acuantur,
758 1723 889 1773 amore.

265 1813 325 1888 Me
342 1822 443 1888 tenet
460 1812 550 1888 haec
569 1813 687 1910 rapidi
699 1813 862 1912 jucunda
879 1813 1063 1910 palaestra
1080 1813 1105 1888 J
1108 1799 1228 1907 uiari,

362 1929 549 2006 Thesauro
567 1929 714 2004 meliore
733 1929 840 2027 potiri

263 2045 348 2122 Non
365 2073 521 2144 possem,
541 2046 704 2121 formabo
722 2045 850 2121 lubens
864 2044 1044 2143 juvenilia
1062 2046 1183 2143 corda,

360 2163 539 2238 Docturos
557 2162 724 2237 docuisse
736 2162 899 2260 juvabit!

259 2277 331 2362 Est
348 2278 448 2352 labor
465 2277 524 2352 hic
544 2277 667 2371 dulcis,
689 2288 772 2352 sunt
791 2277 1035 2352 emolumenta
1053 2276 1189 2352 futura.

358 2394 417 2468 Da
434 2393 537 2487 vires,
557 2393 649 2469 bone
668 2393 806 2487 Pastor,
825 2393 948 2470 eundi:

261 2508 322 2585 Me
340 2508 466 2608 populi
484 2508 541 2584 fac
559 2535 638 2583 esse
656 2509 798 2605 ducem,
818 2510 865 2583 sit
880 2509 918 2583 in
936 2509 1025 2584 aede
1043 2508 1174 2584 morari

358 2624 473 2700 Dulce
491 2625 613 2719 decus,
633 2651 761 2700 secura
778 2624 956 2723 voluptas,

261 2740 418 2818 Sedulus
436 2740 472 2814 in
490 2765 640 2837 campos
657 2750 730 2834 tua,
749 2740 775 2815 J
778 2767 853 2837 esu,
873 2741 1010 2816 semina
1026 2740 1181 2838 mittam,
1259 2787 1263 2794 ·

357 2856 408 2931 Et
425 2867 600 2952 segetes...
619 2855 772 2949 testudo,
794 2855 950 2953 quiesce.

648 3219 751 3296 ODE
781 3219 884 3295 XIV.

694 3422 835 3499 ORUX.

175 3631 252 3684 Sicut
263 3647 314 3701 per
332 3632 416 3684 unius
434 3630 559 3684 delictum
572 3631 614 3681 tu
633 3644 723 3680 omues
751 3626 870 3679 homines
888 3627 918 3679 r'o
936 3627 1185 3694 condemnatorem,
1206 3630 1244 3680 sic
1262 3636 1288 3682 et
1299 3648 1355 3699 per
1465 3613 1466 3618 Ἰ

175 3723 260 3776 unius
270 3721 412 3790 justitiam
440 3721 471 3771 in
495 3736 583 3772 omnes
600 3719 721 3770 homiues
745 3718 774 3768 iu
800 3716 1021 3781 justificationem
1039 3717 1115 3772 cuae.
1138 3715 1228 3783 (Rom.
1247 3717 1273 3786 5,
1294 3720 1352 3790 18).

394 3895 528 3970 Millies
547 3895 658 3990 salve,
678 3892 832 3992 genialis
850 3893 964 3987 arbor,

392 4011 511 4086 Arbor
527 4010 666 4107 ingenti
685 4009 802 4107 pretio
819 4018 962 4105 parata3

393 4128 593 4202 Fructuum
612 4125 713 4199 dives
732 4123 850 4221 specie
869 4148 1006 4197 sorores

781 4236 911 4312 Anteia
929 4262 1063 4312 omnes.
1179 4329 1182 4336 Ι

356 4392 973 4707 ΥῩα
