2930 4734
562 167 682 222 LIBER
712 167 901 224 SEPTIMUS

146 355 268 432 Dulce
286 356 365 432 Deo
382 365 571 453 praesente
589 352 687 451 loqui
703 395 752 408 -
768 355 909 453 potiora
929 353 1067 431 choreis

149 471 273 549 Lucra
288 471 448 547 animae!
466 471 492 546 J
495 469 616 546 ustina
634 469 757 567 (rogo),
778 470 824 545 da
842 471 952 545 verba
971 469 1108 545 salutis.

248 587 313 682 (J.)
334 586 365 664 Ο
384 587 495 684 Deus,
516 587 681 664 immensi
699 586 759 684 qui
777 596 924 685 torques
941 587 1060 663 sidera
1075 586 1174 679 coeli,

147 703 283 801 Aspice
299 730 365 779 nos
382 704 540 796 miseras,
560 703 763 801 nostrisque
780 703 963 779 laboribus
981 703 1078 780 adsis
1094 743 1144 758 ·-

149 817 232 894 Hoc
250 844 343 894 anno
360 818 533 894 moriente
550 829 654 894 tuum
671 818 888 894 meditamur
905 845 1074 895 amorem.

249 930 320 1031 (R.)
341 931 473 1009 Omnia
490 933 583 1030 dona
600 934 681 1031 Dei,
701 960 792 1032 quae
809 935 912 1010 nobis
929 933 988 1010 hic
1007 935 1092 1010 tulit
1109 960 1236 1030 annus,

146 1044 269 1124 Nemo
286 1048 418 1125 referre
436 1060 566 1148 potest,
585 1051 731 1127 tametsi
750 1050 886 1148 polleat
903 1051 979 1126 acri

149 1163 309 1261 Ingenio,
331 1164 507 1263 sudetque
524 1165 625 1263 vigil,
644 1165 874 1265 referensque
892 1178 1070 1243 senescat.

148 1277 285 1354 Litoris
303 1278 434 1356 effusas
452 1281 578 1380 ecquis
594 1282 797 1358 numerabit
814 1286 965 1360 arenas?

148 1392 300 1470 Munera
319 1394 424 1493 plura
440 1395 526 1486 Dei!

251 1507 324 1607 (V.)
344 1509 546 1586 Rutilantia
564 1513 682 1588 sidera
700 1513 791 1588 coeli

145 1623 282 1700 Omnia
299 1624 378 1724 quis
394 1631 582 1727 numeret?
601 1627 698 1703 Satis
716 1639 780 1722 est,
800 1628 972 1706 nonnulla
989 1630 1132 1706 referre.

245 1739 287 1828 (J
290 1741 314 1832 ²)
332 1739 450 1815 Multa
467 1741 606 1840 damus,
625 1743 654 1822 si
673 1755 806 1820 cuneta
823 1744 959 1839 damus,
981 1747 1010 1821 si
1028 1747 1134 1824 corde
1158 1747 1312 1846 volenti3
1347 1771 1352 1780 ’

149 1851 201 1930 Et
218 1854 350 1930 viduae
367 1881 536 1934 nummus
553 1857 669 1933 multo
687 1859 877 1958 pretiosior
895 1887 981 1937 auro
999 1904 1048 1916 -

145 1967 270 2045 Corda
286 1969 396 2046 librat
412 1998 483 2046 non
502 1974 596 2050 dona
614 1975 726 2052 Deus.
745 1975 921 2070 Victoria,
942 1978 1059 2075 prima

146 2080 208 2158 Da
224 2083 368 2160 laudem
387 2086 543 2164 Domino
562 2089 734 2166 tribuenti
752 2093 909 2191 corporis
928 2104 1039 2170 artus.
1105 2115 1124 2122 ’·

246 2199 322 2288 (V.)
342 2199 434 2280 Sunt
452 2205 544 2279 oculi
562 2205 648 2303 bini,
667 2218 788 2305 partes
806 2219 997 2284 versantur
1013 2209 1051 2283 in
1070 2235 1203 2304 omnen,

150 2312 350 2392 Excellunt
367 2318 455 2412 acie,
475 2319 606 2417 vigiles
624 2322 691 2410 sub
710 2321 826 2398 fronte
844 2322 1009 2417 ministri,

146 2428 331 2517 Continuo
349 2435 426 2509 sani
444 2434 587 2514 coelum
603 2448 809 2537 terramque
826 2451 982 2534 tuentur,

148 2543 333 2622 Innumeri
352 2552 452 2627 coeci
472 2579 613 2652 semper
631 2554 787 2653 caligine
804 2556 929 2632 mersi!
959 2633 961 2638 ,

147 2659 235 2735 Non
251 2661 344 2739 fiunt
360 2668 492 2765 magni,
512 2669 581 2744 nisi
600 2669 712 2745 simus
730 2669 865 2746 lumine
882 2671 998 2770 capti!

150 2773 192 2850 Si
211 2802 321 2854 coeco
339 2796 424 2858 nato
442 2783 554 2875 solem
573 2798 739 2884 spectare
757 2785 892 2880 liceret,

148 2889 343 2970 Exultaret
360 2923 482 2993 ovans,
502 2927 570 2977 neo
588 2913 712 3000 posset
730 2902 880 2978 reddere
900 2903 1029 2996 verbis,

145 3003 251 3096 Quae
268 3035 331 3084 cor
349 3015 509 3092 sentiret.
528 3017 637 3111 Deus,
658 3018 726 3093 hoc
745 3018 972 3096 celebrabere
990 3019 1099 3096 dono:

149 3120 305 3200 Lumina
312 3125 443 3224 secasti,
462 3131 551 3208 milri
571 3133 708 3208 dudunt
725 3133 810 3221 bina
827 3134 973 3212 dedisti!

247 3237 318 3348 (R.)
338 3249 423 3325 Non
442 3261 582 3326 armata
598 3250 692 3326 vitro
710 3249 816 3326 video
833 3250 1039 3349 longinqua,
1060 3249 1267 3349 domusque,

146 3367 267 3460 Quam
285 3395 388 3446 mons
404 3367 466 3443 ille
483 3366 587 3464 gerit,
608 3393 754 3464 possum
772 3393 962 3442 numerare
979 3367 1165 3459 fenestras,

145 3484 199 3560 Et
214 3510 398 3583 nunquam
416 3481 569 3579 medico,
589 3482 650 3580 qui
667 3480 867 3579 pharmaca
884 3481 1002 3574 ferret,
1024 3481 1196 3578 egebam!

147 3599 248 3676 Hinc
268 3600 364 3675 bona
381 3624 572 3674 coecorum
591 3623 734 3696 semper
751 3597 956 3690 miserebor,
976 3597 1100 3696 eisque

145 3713 253 3791 Dona
269 3715 392 3808 feram,
413 3715 461 3789 sit
478 3713 583 3790 dulce
598 3712 689 3788 mihi
705 3712 868 3789 relevare
885 3712 1037 3789 dolores.

144 3830 184 3906 N
186 3857 205 3906 e
223 3831 371 3931 capiant
388 3829 481 3906 oculi
499 3829 572 3905 fors
589 3829 815 3921 detrimenta,
836 3828 984 3922 cavebo,

144 3946 198 4022 Et
216 3957 383 4045 spectare
399 3957 512 4038 vetor,
532 3971 624 4042 quae
642 3971 737 4020 vana
755 3944 924 4046 superbia
940 3955 1127 4039 monstrat,

144 4060 197 4140 Et
213 4062 386 4162 quidquid
404 4073 545 4137 castum
563 4071 687 4159 posset
703 4060 839 4144 violare
856 4061 1041 4159 pudorem.

243 4178 314 4276 (J.)
332 4177 427 4254 Sunt
443 4203 548 4252 aures
566 4177 682 4274 binae,
701 4175 858 4254 facunda
874 4176 1103 4277 loquentibus
1119 4202 1192 4270 ora,
