2972 4738
520 307 640 363 LIBER
668 303 812 364 SEXTUS

81 494 152 570 Est
169 495 278 571 Pater
295 494 333 570 in
350 494 470 589 coelis,
491 505 548 571 est
565 495 684 570 Mater
702 493 818 592 Virgo
837 492 971 569 Beatal

81 609 155 686 His
172 622 209 686 te
226 610 448 707 commendo,
465 611 616 687 memori
635 609 702 685 sub
720 619 865 707 pectore
883 609 1006 704 conde,

82 727 186 820 Quae
204 726 249 802 do
266 726 378 802 verba
394 725 473 801 tibi.
492 726 600 802 Nunc
620 725 789 824 splendes
806 724 891 800 flore
903 725 1091 824 juventae,

82 841 327 940 Languebunt
342 841 458 938 floreo,
478 868 567 940 quos
585 840 738 940 colligis,
758 839 895 916 haecce
907 841 1064 940 juventa

82 959 154 1034 Est
170 958 331 1057 peritura
347 957 465 1055 brevi3
484 957 560 1033 noli
579 958 760 1034 confidere
778 959 874 1034 oanis

82 1074 258 1168 ArtubuS,
279 1075 473 1149 absumunt
490 1073 604 1149 morbi
623 1073 820 1150 fortissima
837 1073 1008 1168 membra,

82 1185 294 1266 Absumunt
311 1216 429 1284 curae,
449 1217 546 1265 mors
562 1190 709 1266 tandem
729 1215 880 1288 corpora
897 1189 1025 1265 caedit.

83 1305 190 1382 Haec
209 1317 305 1381 terra
322 1304 480 1399 exilium,
502 1305 597 1404 fugit
614 1304 850 1403 irreparabile
867 1317 1021 1402 tempua

84 1421 163 1498 Uni
180 1421 263 1496 vive
281 1420 374 1516 Deo,
391 1419 465 1495 noli
483 1447 648 1520 peccare,
669 1420 768 1495 sed...
787 1447 874 1496 ecce

84 1537 244 1612 Lumina
261 1563 386 1636 sparsa
403 1536 496 1635 polo,
517 1563 611 1635 quae
629 1563 714 1611 mox
732 1537 918 1612 taciturna
935 1535 1131 1627 micabunt,

87 1653 216 1729 Sidera
231 1663 269 1728 te
287 1653 451 1746 doceant,
473 1678 564 1751 quae
582 1663 680 1727 meta
698 1651 744 1726 sit
762 1651 899 1744 ultima,
921 1677 1053 1750 quaere
1086 1695 1089 1717 ι

84 1771 285 1844 Aeternam
303 1769 468 1868 patriam,
488 1795 581 1868 quae
599 1794 696 1843 nunc
715 1767 909 1867 peregriua
927 1767 1084 1866 vagaris.

186 1883 373 1960 Conticuit
388 1884 556 1981 genitrix,
576 1883 692 1959 oculis
709 1909 781 1960 non
800 1883 915 1958 defuit
931 1881 1055 1975 imber,
1098 1899 1103 1912 ·

84 2001 228 2075 Tantus
247 2026 346 2075 amor
362 1999 518 2074 flammis
535 2000 626 2074 ussit
643 2026 725 2075 mea
742 2010 901 2098 pectora,
920 1998 1048 2074 matris

86 2115 271 2192 Continuo
288 2116 396 2192 libuit
415 2116 501 2192 dare
519 2117 658 2192 circum
676 2114 827 2192 brachia
843 2115 946 2192 collo.
1014 2213 1016 2220 y

85 2231 158 2306 Est
175 2233 309 2308 servire
327 2233 416 2325 Deo,
435 2243 521 2308 tunc
538 2243 677 2308 moesta
696 2259 786 2307 voce
804 2231 984 2330 loquebar,

84 2345 206 2421 Dulce
219 2347 361 2444 jugum,
382 2373 574 2444 supremus
592 2345 714 2440 honor,
734 2347 911 2422 mercedis
929 2346 1029 2443 origo

85 2462 282 2558 Aeternae,
300 2462 471 2559 pugnabo
488 2461 600 2556 ferox,
621 2462 706 2537 dum
725 2463 804 2538 vita
822 2462 991 2555 manebit,

85 2577 139 2651 Et
156 2576 299 2652 dabitur
314 2578 466 2652 tandem·
480 2576 575 2653 felici
594 2578 811 2654 occumbere
829 2578 912 2654 leto,

186 2693 223 2766 N
225 2719 266 2769 ec
285 2718 386 2768 mora
402 2704 518 2769 mater
536 2719 662 2769 amaus
679 2692 768 2769 mihi
789 2695 881 2770 dono
899 2693 1052 2770 tradidit
1068 2693 1187 2787 istam,

87 2808 207 2900 Quam
225 2834 321 2884 nuuc
339 2835 466 2906 promo
483 2836 638 2904 crucem,
659 2809 800 2885 dicens:
820 2809 902 2885 Hoc
922 2809 1050 2907 accipe
1069 2808 1218 2906 lignum,

87 2925 190 3000 Crux
208 2923 355 3000 Domini
373 2951 464 3022 pons
482 2935 547 3018 est,
568 2911 676 3023 quem
692 2949 760 3000 nos
777 2926 929 3002 transire
942 2925 1123 3024 jubemur,

87 3039 154 3116 Gis
171 3051 320 3136 pontem
337 3040 503 3134 mundun,
522 3052 624 3116 trans
642 3053 790 3139 pontem
807 3041 926 3141 patria
944 3040 1045 3136 coeli,

19 3235 21 3244 ,
86 3157 142 3230 At
160 3154 227 3229 sub
245 3165 355 3253 ponte
373 3155 551 3254 (inquam)
569 3156 798 3254 protenditur
815 3156 890 3232 alta
907 3183 1054 3255 vorago.

20 3271 21 3274 ’
186 3271 348 3346 Attoniti
366 3273 538 3368 stupuere
556 3271 635 3365 viri,
656 3299 728 3346 vox
745 3272 913 3348 faucibus
931 3273 1060 3349 haesit.

89 3385 229 3461 “Terra
246 3385 328 3462 vale
346 3385 558 3485 coelumque
577 3387 660 3462 veni
669 3389 701 3481 1„
721 3387 826 3485 virgo
843 3388 986 3464 insonat
1004 3416 1073 3483 ore,

87 3501 138 3576 Et
155 3501 297 3600 placuit
315 3501 420 3578 sociis
437 3502 641 3599 geminatas
659 3502 808 3580 reddere
825 3530 946 3580 vocer.
