2968 4732
515 225 635 280 urnas
672 225 851 294 ouxnrus

176 412 322 488 Vellere
339 412 436 488 clara
454 438 528 505 suo,
549 439 638 509 quas
656 412 772 487 serica
789 412 850 486 fila
869 423 1057 488 vomentes

108 614 113 622 Ι
277 527 347 604 Ore
366 536 497 625 parant
514 529 679 602 vermes?
696 527 766 602 Est
784 527 934 602 viduata
951 527 1078 602 domus
1094 569 1143 582 --

176 643 338 718 Plurima
357 642 442 740 quid
461 652 612 738 prosunt
629 641 816 717 conclavia
834 643 1022 740 splendida
1040 642 1153 718 luxu?

278 756 362 832 Heu
380 757 504 855 procul
523 767 578 832 est
597 757 699 832 dives
716 783 783 832 nec
802 758 982 833 rediturus
999 751 1125 834 herus!

175 873 273 965 Quid
292 874 438 971 prodest
455 873 579 948 multis
597 883 772 971 congesta
790 876 946 971 pecunia
963 875 1084 949 curis?

275 987 415 1064 Haeres
433 989 574 1086 argenti
593 989 812 1086 dilapidator
829 991 907 1064 erit.

176 1105 380 1180 Stemmata
397 1105 482 1202 quid
500 1116 660 1202 prosunt,
680 1105 857 1202 majorum
876 1105 1006 1180 nobilis
1025 1105 1134 1181 ordo?

276 1219 412 1296 Omnes
430 1221 599 1294 continuo
617 1220 737 1314 pulvis
757 1232 792 1295 et
812 1222 939 1295 umbra
957 1249 1092 1296 sumus.

176 1336 291 1429 Uxor,
311 1347 407 1428 nata,
427 1347 540 1432 pater,
561 1335 683 1433 frater,
703 1363 801 1411 soror
819 1364 905 1411 ecce
924 1337 1107 1430 recedunt,

276 1450 391 1524 Filius
409 1461 447 1525 et
463 1463 590 1545 mater,
609 1477 675 1524 nec
694 1451 889 1525 meminere
907 1452 972 1526 tui.

176 1565 275 1656 Quid
291 1576 442 1663 prosunt
459 1567 570 1662 mimi,
589 1567 675 1664 quid
692 1567 810 1641 mollis
828 1568 986 1642 carmina
1004 1579 1142 1660 cantus

277 1682 372 1774 Quid
389 1682 531 1780 lepidae
549 1682 711 1775 choreae,
731 1709 855 1758 currus
874 1710 1057 1780 equusque
1075 1688 1205 1760 ruens?

176 1797 276 1890 Quid
291 1798 453 1874 thermae
470 1811 621 1896 prosunt
639 1799 849 1896 agitataque
868 1798 972 1896 sylva
990 1799 1168 1894 Molossis,

278 1913 373 2006 Quid
390 1913 497 1990 celeri
516 1927 666 2012 prosunt
684 1941 839 2012 aequora
857 1927 958 1989 secta
975 1917 1074 1990 rate?

178 2030 313 2106 Omnia
330 2030 514 2123 destitues,
536 2030 643 2104 simul
660 2030 741 2127 ipsa
757 2031 916 2126 corporis
934 2029 1042 2126 hujus

278 2145 474 2243 Egrediere
492 2146 598 2220 domo
615 2172 706 2221 voce
719 2146 873 2242 jubente
892 2145 972 2220 Dei.

176 2262 274 2336 Lota
290 2262 360 2359 piis
377 2261 541 2335 manibus
558 2272 622 2335 tua
640 2260 775 2358 pallida
793 2261 957 2336 membra
969 2262 1149 2358 jacebunt

280 2377 402 2452 Strata
420 2390 498 2452 toro
515 2377 628 2474 nigre,
649 2377 792 2474 torpida
808 2378 972 2452 membra
991 2378 1073 2470 situ,

177 2493 370 2568 Ardebunt
387 2494 519 2567 circum
538 2493 646 2567 dubio
664 2493 803 2590 fulgore
822 2493 1000 2587 lucernae,

278 2608 354 2684 Vas
374 2607 533 2682 lustralis
551 2635 674 2706 aquae,
695 2636 785 2683 crux
804 2609 1008 2684 veneranda
1026 2635 1150 2710 prope.

67 2779 71 2790 »
178 2725 364 2800 Accedent
380 2723 495 2819 multi,
514 2725 652 2821 fingent
669 2725 868 2822 praeconia,
888 2725 992 2799 multi

278 2840 495 2915 Mordebunt
512 2840 626 2932 labiis,
648 2866 777 2938 aspera
795 2840 905 2914 verba
923 2840 1070 2914 dabunt.

177 2960 281 3038 Luce
299 2967 422 3031 carent
439 2955 544 3048 oculi,
564 2983 631 3030 nec
650 2956 759 3030 dictis
777 2956 947 3054 panditur
965 2957 1071 3048 auris,

278 3072 525 3169 Immotaeque
542 3098 681 3167 manus,
701 3071 881 3168 diriguere
899 3072 1022 3169 pedes,

179 3190 254 3268 Ora
272 3189 416 3264 occlusa
434 3187 555 3285 silent,
574 3216 698 3264 somno
715 3203 927 3287 merguntur
945 3191 1059 3283 amici,

277 3304 427 3379 Flebilis
444 3330 535 3378 uxor
553 3305 665 3398 abest,
685 3306 792 3380 turba
810 3306 966 3380 cadaver
983 3305 1091 3379 habet
1108 3346 1157 3358 -

179 3422 353 3499 Carmina
370 3420 476 3494 foeda
493 3432 641 3517 canunt,
658 3420 772 3497 multo
790 3422 986 3497 titubantia
1004 3420 1088 3495 vino

278 3537 442 3612 Membra
458 3548 606 3612 movent
624 3537 694 3630 alii,
714 3537 863 3612 fundere
882 3537 989 3612 corde
1007 3564 1131 3634 preces

178 3655 264 3728 Non
281 3653 371 3728 libet
388 3653 558 3728 exstincti
577 3653 747 3750 lacrymis
765 3653 924 3728 relevare
942 3653 1092 3745 dolores,

277 3768 413 3866 Estque
432 3794 565 3864 procax
582 3768 683 3860 risus,
704 3779 806 3842 casta
823 3767 944 3864 puella
962 3768 1099 3863 tremit3

177 3887 263 3960 Nox
281 3884 383 3981 fugit,
405 3895 502 3959 astra
520 3883 643 3976 latent,
665 3884 717 3959 sol
736 3911 866 3960 aurens
884 3883 1018 3958 emicat
1036 3883 1128 3958 orbi:

277 3999 382 4074 Eheu
400 4009 436 4074 te
455 3999 638 4073 dominum
657 3999 780 4073 limina
798 3999 914 4096 prima
932 3999 1059 4074 domus

177 4115 348 4191 Protinus
366 4114 552 4211 ejiciunt...
572 4113 807 4189 circumdaris
826 4141 944 4188 assere
957 4115 1098 4210 junct0,

276 4230 326 4304 Et
343 4229 453 4306 fortes
471 4229 638 4306 humeros
655 4229 815 4329 pondera
832 4229 921 4303 dura
938 4239 1117 4326 premunt,
