2962 4742
529 263 648 317 LIBER
676 261 866 318 SEPTIMUS

113 453 310 529 Daemonis
328 464 402 527 arte
421 451 543 526 furens
560 449 758 547 studiisque
776 448 969 525 vaferrime
986 451 1072 527 belli

112 568 222 645 Virus
239 568 373 665 ubique
390 567 504 642 vomit
522 566 674 662 sceptris
691 565 839 640 inimica
857 566 1039 664 crucique.
1123 599 1126 604 ¹

209 684 282 781 (F.)
300 683 375 759 Cur
392 708 478 757 vero
497 681 621 757 Croesi
639 691 784 754 tantum
801 695 1036 758 numerantur
1054 697 1091 761 et
1109 687 1185 764 Iri?
1221 722 1226 737 ·

112 801 205 877 Sunt
220 800 292 874 illis
309 810 364 874 tot
381 825 477 896 opes,
497 797 534 872 hi
552 807 767 895 paupertate
785 804 1019 894 premuntur?

207 915 278 1007 (C.)
297 915 489 990 invaluere
507 925 618 1007 rotae,
638 939 810 988 manuum
828 914 1000 1011 pepulere
1013 916 1170 1013 labores²

110 1032 362 1128 Continuoque
380 1031 453 1104 ciet
470 1055 605 1104 vesana
622 1019 792 1126 superbie
808 1028 955 1104 bellum.

109 1148 207 1240 Quid
223 1147 318 1222 bello
335 1147 462 1243 pejus?
478 1145 678 1219 miscentur
694 1155 827 1218 cuncta
843 1145 1013 1240 tumultu

107 1263 336 1360 Diripiuntur
353 1287 449 1358 opes,
470 1271 678 1335 sternuntur
696 1259 843 1335 vulnere
860 1271 990 1357 patres,

109 1379 251 1454 Uxores
269 1377 409 1470 viduae,
429 1376 547 1482 proles
565 1375 690 1450 orbata
707 1387 871 1472 parente3

109 1495 193 1569 Non
212 1503 268 1568 est
284 1519 357 1590 pax
375 1489 516 1566 hodie...
536 1490 717 1588 permulta
734 1490 897 1588 pericula
914 1492 1009 1586 belli,

108 1609 188 1684 Pax
206 1618 380 1683 armata...
399 1606 542 1698 malurn,
562 1633 646 1680 narn
665 1605 757 1680 ferre
775 1606 912 1682 tributa
922 1608 1104 1706 jubemur.

106 1723 157 1799 Et
176 1733 308 1798 coeunt
324 1722 429 1797 multi
447 1721 568 1796 velato
585 1721 729 1795 nomine
747 1720 853 1814 fures,

106 1840 269 1915 Eliciunt
285 1839 427 1914 miseris
445 1864 581 1932 aurum,
601 1865 640 1912 se
658 1838 757 1913 lucra
775 1838 923 1914 daturos

105 1956 232 2032 Ubera
249 1955 480 2054 spondentem
499 1955 672 2029 mentitur
689 1953 815 2052 lingua
832 1955 965 2049 dolosa,

105 2072 229 2146 Lucra
246 2072 314 2146 sibi
333 2073 485 2162 servant,
506 2095 632 2143 aurum
650 2095 721 2143 non
739 2069 900 2144 redditur
917 2097 1088 2168 unquam.

206 2187 250 2285 (F
254 2187 275 2285 )
296 2185 388 2283 Regi
400 2186 462 2283 jus
479 2184 601 2282 gladii,
623 2211 688 2260 cur
704 2211 775 2260 non
793 2184 1003 2282 plectuntur
1020 2186 1157 2286 iniqui?

206 2301 277 2399 (C.)
296 2301 364 2376 Est
382 2299 500 2376 scelus
519 2299 736 2375 occultum...
756 2300 876 2375 cuncti
894 2303 1027 2378 novere
1045 2329 1211 2402 sagaces,

105 2421 225 2495 Nemo
242 2416 393 2514 probare
411 2424 542 2513 potest.
562 2415 686 2488 Nimia
703 2426 759 2490 001
775 2415 967 2492 clementia
984 2445 1121 2516 regum,

103 2535 245 2632 Impius
263 2531 333 2606 heu
350 2557 430 2605 raro
448 2531 579 2628 capitis
598 2530 798 2625 damnatur,
819 2542 856 2606 et
873 2533 952 2630 ipse

104 2653 244 2728 Carcer
261 2673 412 2722 amoena
429 2647 565 2740 domus,
586 2673 656 2745 qua
672 2673 744 2723 non
762 2647 949 2744 potiuntur
966 2652 1083 2747 egeni.

101 2765 292 2844 Colluvies
310 2763 420 2839 Erebi
439 2762 506 2836 sibi
525 2762 604 2837 fuso
622 2775 811 2860 comparat
828 2790 915 2840 auro

101 2885 283 2958 Fautores
300 2879 433 2954 multos
450 2879 560 2954 verbo
579 2879 790 2982 calamoque
808 2891 974 2976 potentes
990 2923 1039 2935 —

101 2999 198 3075 Sons
215 2995 309 3072 sonti
326 2995 479 3093 1101011...
498 2994 701 3091 respublica
717 2995 813 3070 fessa
830 2995 994 3071 dehiscit.

201 3112 274 3209 (F.)
293 3110 435 3186 Felices
453 3109 615 3185 homines
632 3110 709 3185 nati
726 3109 935 3186 melioribus
953 3111 1072 3188 annis!
1114 3159 1116 3164 ·

99 3230 208 3322 Quae
224 3253 364 3302 morum
380 3227 515 3323 pietas!
535 3252 626 3323 quae
643 3251 738 3301 nunc
754 3227 935 3324 corruptio
953 3229 1109 3310 morum!

96 3347 211 3420 Anna
227 3341 316 3416 mihi
333 3337 489 3438 genitrix
507 3340 578 3416 imo
597 3341 751 3439 suspiria
769 3341 875 3416 corde

98 3461 222 3557 Saepe
239 3457 388 3533 trahens
406 3456 511 3530 dixit:
532 3457 729 3532 Metuenda
746 3456 937 3554 nepotibus
955 3468 1056 3532 aetas

95 3575 244 3674 Eripiet
262 3573 457 3666 Christum,
478 3572 640 3670 gaudens
657 3572 726 3647 hac
746 3599 835 3647 exeo
853 3573 938 3666 vita,

96 3694 199 3768 Nam
216 3690 352 3788 passim
370 3688 468 3785 leges
486 3688 633 3764 Christo
652 3688 865 3763 adversante
883 3688 1053 3764 ferentur.

200 3806 270 3904 (C.)
291 3805 520 3903 Spernuntur
532 3804 633 3901 justi,
654 3803 814 3878 trucibus
832 3797 1002 3880 laxantur
1019 3803 1190 3900 habenae,

98 3924 203 4000 Crux
220 3921 367 3997 Domini
384 3921 477 3995 110011
495 3947 590 3995 nunc
610 3930 666 3994 est
683 3919 842 4016 ignobile
860 3919 1007 4017 lignum,

96 4037 237 4114 Maturi
255 4036 345 4112 vitio
362 4023 474 4134 pueri,
496 4035 739 4132 putrescimus
757 4062 890 4118 ornnes.

200 4152 270 4251 (T.)
290 4151 398 4228 Unde
417 4151 515 4226 salus
531 4150 644 4245 nobis,
664 4151 726 4226 ubi
744 4148 943 4247 pharmaca
959 4151 1068 4226 docta
1080 4161 1263 4248 parantur,

98 4271 205 4363 Quae
222 4269 363 4368 possint
379 4268 542 4344 relevare
559 4295 718 4366 gravem,
738 4295 832 4368 quae
849 4268 975 4346 tollere
991 4269 1179 4345 morbum?
