2988 4730
562 215 682 272 LIBER
716 219 879 276 TERTIUS

346 401 523 478 Arborem
542 404 648 502 primi
666 405 787 481 recolo
804 408 974 504 parentis,

345 517 497 593 Flebilis
514 519 645 594 damno
664 520 732 597 fuit
751 522 855 596 arbor
872 521 943 616 illa,

346 632 415 708 llla
433 662 621 734 supremae
638 638 814 713 reseravit
831 638 923 714 eheu
944 663 951 674 ‘

737 753 842 860 Ostia
858 756 994 832 mortis.

345 986 429 1060 Non
447 986 538 1061 foret
556 1011 663 1061 caeso
680 1013 795 1083 genus
813 986 880 1062 hoc
898 999 1057 1084 parente,

297 1173 300 1178 .
344 1101 393 1178 Ni
412 1103 531 1178 crucis
549 1102 664 1177 virtus
682 1103 883 1201 peperisset
901 1102 999 1196 illud,

343 1217 448 1293 Vivit
464 1218 571 1293 unius
589 1218 718 1294 vitiata
735 1219 849 1317 patris

734 1335 834 1410 Labe
853 1360 1025 1434 propage,

341 1555 455 1661 Vivit,
475 1578 515 1642 ut
532 1568 647 1666 possit
665 1567 765 1642 Deus
783 1595 862 1643 esse
880 1567 991 1644 frater

340 1684 483 1777 Noster,
504 1683 663 1758 humana
679 1683 853 1781 genitrice
870 1696 988 1778 natus,

341 1799 487 1898 Integer
503 1799 634 1898 culpae
651 1799 845 1874 meriturus
864 1799 959 1892 olim,

731 1915 882 2013 Virgine
900 1924 1017 1990 natus.

341 2147 460 2247 Culpa
477 2147 618 2223 deletur
636 2148 782 2223 merito:
802 2157 972 2245 parentes

341 2264 434 2340 Sunt
452 2265 522 2339 duo
539 2264 678 2339 nobisz..
697 2263 794 2361 prior
811 2263 872 2338 ille
890 2275 1011 2339 sontes

339 2381 453 2457 Filios
470 2380 554 2474 edit,
574 2379 664 2456 lacit
680 2380 890 2455 innocentes

730 2494 802 2571 Hic
823 2495 923 2571 Deus
940 2498 1080 2594 Agnus.

335 2729 485 2804 Arboris
502 2729 620 2805 fructu
637 2729 807 2821 cadimus,
828 2729 989 2804 vicissim

244 2928 247 2934 ‚
327 2845 484 2920 -Arboris
501 2843 622 2919 fructu
639 2843 880 2920 relevamur...
898 2843 959 2919 ille

334 2958 462 3034 Traxit
480 2958 525 3034 ad
543 2959 717 3053 morbum,
737 2960 849 3035 trahit
868 2960 913 3035 ad
932 2960 1086 3036 salutem

725 3076 800 3151 lste
819 3078 992 3153 volentes.

332 3309 450 3384 Arbor
466 3308 504 3382 in
521 3309 617 3384 celso
636 3309 795 3406 spatiosa
813 3309 906 3385 colle

332 3424 518 3501 Prominet
535 3424 623 3500 late:
644 3425 841 3523 populique
859 3436 1002 3523 praeter

330 3539 532 3615 Ambulant
550 3567 709 3615 omnes...
729 3539 911 3615 maledicit
928 3539 1001 3635 ille,

722 3655 795 3730 Hic
814 3655 1013 3731 benedicit!

330 3890 512 3984 Vescitur,
533 3890 693 3989 quisquis
711 3890 901 3984 benedicit,
922 3890 1014 3965 eheu

330 4006 512 4100 Abstinet,
533 4005 696 4103 quisquis
713 4004 913 4103 maledicit3
933 4006 1017 4080 anni

329 4122 479 4200 Interim
497 4133 657 4219 currunt,
676 4122 802 4198 eadem
820 4148 885 4219 per
903 4149 1032 4198 aevum

647 4331 650 4334 .
719 4238 817 4314 Vota
833 4240 1047 4315 manebunt!
