<?xml version="1.0" encoding="UTF-8"?>
<!DOCTYPE html PUBLIC "-//W3C//DTD XHTML 1.0 Transitional//EN"
    "http://www.w3.org/TR/xhtml1/DTD/xhtml1-transitional.dtd">
<html xmlns="http://www.w3.org/1999/xhtml" xml:lang="en" lang="en">
 <head>
  <title>
</title>
<meta http-equiv="Content-Type" content="text/html;charset=utf-8" />
  <meta name='ocr-system' content='tesseract 3.04.00' />
  <meta name='ocr-capabilities' content='ocr_page ocr_carea ocr_par ocr_line ocrx_word'/>
</head>
<body>
  <div class='ocr_page' id='page_1' title='image "./carminumlibrioc00schngoog_0235.png"; bbox 0 0 2968 4732; ppageno 0'>
   <div class='ocr_carea' id='block_1_1' title="bbox 662 233 875 288">
    <p class='ocr_par' dir='ltr' id='par_1_1' title="bbox 662 233 875 288">
     <span class='ocr_line' id='line_1_1' title="bbox 662 233 875 288; baseline -0.005 -1"><span class='ocrx_word' id='word_1_1' title='bbox 662 233 875 288; x_wconf 86' lang='lat' dir='ltr'><strong>CARMINUM</strong></span> 
     </span>
    </p>
   </div>
   <div class='ocr_carea' id='block_1_2' title="bbox 398 419 1136 863">
    <p class='ocr_par' dir='ltr' id='par_1_2' title="bbox 400 419 1055 513">
     <span class='ocr_line' id='line_1_2' title="bbox 400 419 1055 513; baseline -0.011 -16"><span class='ocrx_word' id='word_1_2' title='bbox 400 420 473 497; x_wconf 83' lang='lat' dir='ltr'>Sed</span> <span class='ocrx_word' id='word_1_3' title='bbox 491 419 581 494; x_wconf 85' lang='lat' dir='ltr'>Fide</span> <span class='ocrx_word' id='word_1_4' title='bbox 600 431 753 494; x_wconf 90' lang='lat' dir='ltr'>cunctae</span> <span class='ocrx_word' id='word_1_5' title='bbox 773 419 956 493; x_wconf 87' lang='lat' dir='ltr'>sociantur</span> <span class='ocrx_word' id='word_1_6' title='bbox 973 444 1055 513; x_wconf 79' lang='lat' dir='ltr'>una,</span> 
     </span>
    </p>

    <p class='ocr_par' dir='ltr' id='par_1_3' title="bbox 399 534 969 634">
     <span class='ocr_line' id='line_1_3' title="bbox 399 534 969 634; baseline -0.005 -23"><span class='ocrx_word' id='word_1_7' title='bbox 399 536 484 612; x_wconf 92' lang='lat' dir='ltr'>Una</span> <span class='ocrx_word' id='word_1_8' title='bbox 502 536 595 634; x_wconf 83' lang='lat' dir='ltr'>Spes</span> <span class='ocrx_word' id='word_1_9' title='bbox 612 535 683 610; x_wconf 90' lang='lat' dir='ltr'>illis</span> <span class='ocrx_word' id='word_1_10' title='bbox 701 535 858 611; x_wconf 86' lang='lat' dir='ltr'>melioris</span> <span class='ocrx_word' id='word_1_11' title='bbox 877 534 969 631; x_wconf 77' lang='lat' dir='ltr'>aevi,</span> 
     </span>
    </p>

    <p class='ocr_par' dir='ltr' id='par_1_4' title="bbox 398 649 1136 863">
     <span class='ocr_line' id='line_1_4' title="bbox 398 649 1035 750; baseline -0.002 -26"><span class='ocrx_word' id='word_1_12' title='bbox 398 651 580 749; x_wconf 78' lang='lat' dir='ltr'>impigrae</span> <span class='ocrx_word' id='word_1_13' title='bbox 599 679 740 750; x_wconf 87' lang='lat' dir='ltr'>semper</span> <span class='ocrx_word' id='word_1_14' title='bbox 756 651 895 748; x_wconf 82' lang='lat' dir='ltr'>patriae</span> <span class='ocrx_word' id='word_1_15' title='bbox 913 649 1035 724; x_wconf 86' lang='lat' dir='ltr'>suavis</span> 
     </span>
     <span class='ocr_line' id='line_1_5' title="bbox 787 766 1136 863; baseline -0.006 -23"><span class='ocrx_word' id='word_1_16' title='bbox 787 766 932 840; x_wconf 86' lang='lat' dir='ltr'>Limina</span> <span class='ocrx_word' id='word_1_17' title='bbox 950 775 1136 863; x_wconf 88' lang='lat' dir='ltr'>quaerunt.</span> 
     </span>
    </p>
   </div>
   <div class='ocr_carea' id='block_1_3' title="bbox 399 999 1084 1420">
    <p class='ocr_par' dir='ltr' id='par_1_5' title="bbox 399 999 1073 1096">
     <span class='ocr_line' id='line_1_6' title="bbox 399 999 1073 1096; baseline 0 -23"><span class='ocrx_word' id='word_1_18' title='bbox 399 1000 530 1074; x_wconf 87' lang='lat' dir='ltr'>Arbori</span> <span class='ocrx_word' id='word_1_19' title='bbox 549 1000 680 1074; x_wconf 83' lang='lat' dir='ltr'>densae</span> <span class='ocrx_word' id='word_1_20' title='bbox 699 999 902 1096; x_wconf 85' lang='lat' dir='ltr'>viridesque</span> <span class='ocrx_word' id='word_1_21' title='bbox 921 999 1073 1090; x_wconf 84' lang='lat' dir='ltr'>frondes,</span> 
     </span>
    </p>

    <p class='ocr_par' dir='ltr' id='par_1_6' title="bbox 400 1113 1011 1210">
     <span class='ocr_line' id='line_1_7' title="bbox 400 1113 1011 1210; baseline -0.002 -21"><span class='ocrx_word' id='word_1_22' title='bbox 400 1116 450 1189; x_wconf 83' lang='lat' dir='ltr'>Et</span> <span class='ocrx_word' id='word_1_23' title='bbox 467 1114 568 1190; x_wconf 83' lang='lat' dir='ltr'>velut</span> <span class='ocrx_word' id='word_1_24' title='bbox 586 1125 681 1190; x_wconf 87' lang='lat' dir='ltr'>serto</span> <span class='ocrx_word' id='word_1_25' title='bbox 698 1115 865 1189; x_wconf 89' lang='lat' dir='ltr'>redimita</span> <span class='ocrx_word' id='word_1_26' title='bbox 882 1113 1011 1210; x_wconf 83' lang='lat' dir='ltr'>fulget:</span> 
     </span>
    </p>

    <p class='ocr_par' dir='ltr' id='par_1_7' title="bbox 401 1231 1084 1420">
     <span class='ocr_line' id='line_1_8' title="bbox 401 1231 1012 1326; baseline -0.002 -21"><span class='ocrx_word' id='word_1_27' title='bbox 401 1231 528 1306; x_wconf 85' lang='lat' dir='ltr'>Enitet</span> <span class='ocrx_word' id='word_1_28' title='bbox 545 1232 670 1324; x_wconf 83' lang='lat' dir='ltr'>virtus,</span> <span class='ocrx_word' id='word_1_29' title='bbox 691 1231 798 1306; x_wconf 88' lang='lat' dir='ltr'>decus</span> <span class='ocrx_word' id='word_1_30' title='bbox 817 1242 871 1305; x_wconf 90' lang='lat' dir='ltr'>est</span> <span class='ocrx_word' id='word_1_31' title='bbox 889 1231 1012 1326; x_wconf 77' lang='lat' dir='ltr'>amori,</span> 
     </span>
     <span class='ocr_line' id='line_1_9' title="bbox 789 1346 1084 1420; baseline -0.003 -1"><span class='ocrx_word' id='word_1_32' title='bbox 789 1346 884 1420; x_wconf 89' lang='lat' dir='ltr'>Mira</span> <span class='ocrx_word' id='word_1_33' title='bbox 900 1356 1084 1420; x_wconf 84' lang='lat' dir='ltr'>venustas.</span> 
     </span>
    </p>
   </div>
   <div class='ocr_carea' id='block_1_4' title="bbox 345 1576 1185 1997">
    <p class='ocr_par' dir='ltr' id='par_1_8' title="bbox 345 1576 1185 1675">
     <span class='ocr_line' id='line_1_10' title="bbox 345 1576 1185 1675; baseline -0.002 -23"><span class='ocrx_word' id='word_1_34' title='bbox 345 1626 348 1634; x_wconf 91' lang='lat'>·</span> <span class='ocrx_word' id='word_1_35' title='bbox 401 1578 514 1652; x_wconf 87' lang='lat' dir='ltr'>Poma</span> <span class='ocrx_word' id='word_1_36' title='bbox 531 1579 756 1675; x_wconf 82' lang='lat' dir='ltr'>praebentur,</span> <span class='ocrx_word' id='word_1_37' title='bbox 778 1576 1016 1674; x_wconf 87' lang='lat' dir='ltr'>volucresque</span> <span class='ocrx_word' id='word_1_38' title='bbox 1035 1586 1185 1650; x_wconf 84' lang='lat' dir='ltr'>cantant</span> 
     </span>
    </p>

    <p class='ocr_par' dir='ltr' id='par_1_9' title="bbox 400 1691 1140 1791">
     <span class='ocr_line' id='line_1_11' title="bbox 400 1691 1140 1791; baseline -0.003 -25"><span class='ocrx_word' id='word_1_39' title='bbox 400 1692 450 1766; x_wconf 86' lang='lat' dir='ltr'>Et</span> <span class='ocrx_word' id='word_1_40' title='bbox 467 1704 596 1791; x_wconf 88' lang='lat' dir='ltr'>parant</span> <span class='ocrx_word' id='word_1_41' title='bbox 612 1692 727 1789; x_wconf 78' lang='lat' dir='ltr'>nidos,</span> <span class='ocrx_word' id='word_1_42' title='bbox 747 1693 958 1790; x_wconf 86' lang='lat' dir='ltr'>peregrinus</span> <span class='ocrx_word' id='word_1_43' title='bbox 976 1691 1140 1766; x_wconf 87' lang='lat' dir='ltr'>umbram</span> 
     </span>
    </p>

    <p class='ocr_par' dir='ltr' id='par_1_10' title="bbox 402 1807 1094 1997">
     <span class='ocr_line' id='line_1_12' title="bbox 402 1807 1094 1906; baseline -0.004 -24"><span class='ocrx_word' id='word_1_44' title='bbox 402 1807 537 1906; x_wconf 79' lang='lat' dir='ltr'>Captet</span> <span class='ocrx_word' id='word_1_45' title='bbox 554 1818 590 1883; x_wconf 92' lang='lat' dir='ltr'>et</span> <span class='ocrx_word' id='word_1_46' title='bbox 607 1808 730 1905; x_wconf 85' lang='lat' dir='ltr'>frigus,</span> <span class='ocrx_word' id='word_1_47' title='bbox 751 1807 949 1905; x_wconf 74' lang='lat' dir='ltr'>fruiturque</span> <span class='ocrx_word' id='word_1_48' title='bbox 969 1833 1094 1882; x_wconf 88' lang='lat' dir='ltr'>somne</span> 
     </span>
     <span class='ocr_line' id='line_1_13' title="bbox 791 1923 1074 1997; baseline -0.004 0"><span class='ocrx_word' id='word_1_49' title='bbox 791 1923 928 1997; x_wconf 82' lang='lat' dir='ltr'>Lassus</span> <span class='ocrx_word' id='word_1_50' title='bbox 946 1923 1074 1997; x_wconf 88' lang='lat' dir='ltr'>eunde.</span> 
     </span>
    </p>
   </div>
   <div class='ocr_carea' id='block_1_5' title="bbox 402 2150 1114 2572">
    <p class='ocr_par' dir='ltr' id='par_1_11' title="bbox 402 2150 1114 2259">
     <span class='ocr_line' id='line_1_14' title="bbox 402 2150 1114 2259; baseline -0.004 -31"><span class='ocrx_word' id='word_1_51' title='bbox 402 2151 526 2228; x_wconf 86' lang='lat' dir='ltr'>Verbo</span> <span class='ocrx_word' id='word_1_52' title='bbox 544 2163 581 2227; x_wconf 93' lang='lat' dir='ltr'>et</span> <span class='ocrx_word' id='word_1_53' title='bbox 598 2151 774 2250; x_wconf 86' lang='lat' dir='ltr'>exemplo,</span> <span class='ocrx_word' id='word_1_54' title='bbox 794 2151 972 2259; x_wconf 77' lang='lat' dir='ltr'>precibus,</span> <span class='ocrx_word' id='word_1_55' title='bbox 993 2150 1114 2226; x_wconf 90' lang='lat' dir='ltr'>dolore</span> 
     </span>
    </p>

    <p class='ocr_par' dir='ltr' id='par_1_12' title="bbox 404 2266 1023 2365">
     <span class='ocr_line' id='line_1_15' title="bbox 404 2266 1023 2365; baseline -0.003 -23"><span class='ocrx_word' id='word_1_56' title='bbox 404 2267 547 2342; x_wconf 79' lang='lat' dir='ltr'>Caritas</span> <span class='ocrx_word' id='word_1_57' title='bbox 564 2268 720 2365; x_wconf 84' lang='lat' dir='ltr'>prodest,</span> <span class='ocrx_word' id='word_1_58' title='bbox 739 2267 901 2342; x_wconf 85' lang='lat' dir='ltr'>radiante</span> <span class='ocrx_word' id='word_1_59' title='bbox 919 2266 1023 2341; x_wconf 84' lang='lat' dir='ltr'>vultu</span> 
     </span>
    </p>

    <p class='ocr_par' dir='ltr' id='par_1_13' title="bbox 403 2382 1108 2572">
     <span class='ocr_line' id='line_1_16' title="bbox 403 2382 983 2480; baseline -0.002 -23"><span class='ocrx_word' id='word_1_60' title='bbox 403 2382 532 2458; x_wconf 82' lang='lat' dir='ltr'>Allicit</span> <span class='ocrx_word' id='word_1_61' title='bbox 549 2409 690 2480; x_wconf 82' lang='lat' dir='ltr'>segnes,</span> <span class='ocrx_word' id='word_1_62' title='bbox 709 2383 878 2479; x_wconf 83' lang='lat' dir='ltr'>graviora</span> <span class='ocrx_word' id='word_1_63' title='bbox 895 2409 983 2456; x_wconf 88' lang='lat' dir='ltr'>saxo</span> 
     </span>
     <span class='ocr_line' id='line_1_17' title="bbox 793 2497 1108 2572; baseline -0.003 -1"><span class='ocrx_word' id='word_1_64' title='bbox 793 2497 948 2572; x_wconf 84' lang='lat' dir='ltr'>Pectora</span> <span class='ocrx_word' id='word_1_65' title='bbox 966 2497 1108 2572; x_wconf 82' lang='lat' dir='ltr'>scindit.</span> 
     </span>
    </p>
   </div>
   <div class='ocr_carea' id='block_1_6' title="bbox 405 2726 1125 3169">
    <p class='ocr_par' dir='ltr' id='par_1_14' title="bbox 406 2726 1042 2822">
     <span class='ocr_line' id='line_1_18' title="bbox 406 2726 1042 2822; baseline -0.005 -19"><span class='ocrx_word' id='word_1_66' title='bbox 406 2726 589 2804; x_wconf 88' lang='lat' dir='ltr'>Occidunt</span> <span class='ocrx_word' id='word_1_67' title='bbox 606 2727 761 2822; x_wconf 83' lang='lat' dir='ltr'>frondes,</span> <span class='ocrx_word' id='word_1_68' title='bbox 780 2727 943 2801; x_wconf 84' lang='lat' dir='ltr'>volucres</span> <span class='ocrx_word' id='word_1_69' title='bbox 960 2726 1042 2819; x_wconf 67' lang='lat' dir='ltr'>iere,</span> 
     </span>
    </p>

    <p class='ocr_par' dir='ltr' id='par_1_15' title="bbox 405 2841 1125 2941">
     <span class='ocr_line' id='line_1_19' title="bbox 405 2841 1125 2941; baseline -0.001 -26"><span class='ocrx_word' id='word_1_70' title='bbox 405 2841 501 2931; x_wconf 80' lang='lat' dir='ltr'>Quid</span> <span class='ocrx_word' id='word_1_71' title='bbox 517 2842 581 2916; x_wconf 92' lang='lat' dir='ltr'>tibi</span> <span class='ocrx_word' id='word_1_72' title='bbox 599 2852 740 2941; x_wconf 88' lang='lat' dir='ltr'>prostat</span> <span class='ocrx_word' id='word_1_73' title='bbox 756 2842 825 2916; x_wconf 93' lang='lat' dir='ltr'>nisi</span> <span class='ocrx_word' id='word_1_74' title='bbox 842 2841 946 2915; x_wconf 88' lang='lat' dir='ltr'>triste</span> <span class='ocrx_word' id='word_1_75' title='bbox 963 2841 1125 2938; x_wconf 85' lang='lat' dir='ltr'>lignum?</span> 
     </span>
    </p>

    <p class='ocr_par' dir='ltr' id='par_1_16' title="bbox 406 2955 1103 3169">
     <span class='ocr_line' id='line_1_20' title="bbox 406 2955 1103 3055; baseline -0.004 -24"><span class='ocrx_word' id='word_1_76' title='bbox 406 2956 548 3032; x_wconf 79' lang='lat' dir='ltr'>Caritas</span> <span class='ocrx_word' id='word_1_77' title='bbox 567 2984 710 3055; x_wconf 88' lang='lat' dir='ltr'>semper</span> <span class='ocrx_word' id='word_1_78' title='bbox 727 2956 821 3030; x_wconf 83' lang='lat' dir='ltr'>viret</span> <span class='ocrx_word' id='word_1_79' title='bbox 839 2966 948 3052; x_wconf 89' lang='lat' dir='ltr'>atque</span> <span class='ocrx_word' id='word_1_80' title='bbox 965 2955 1103 3030; x_wconf 82' lang='lat' dir='ltr'>fructus</span> 
     </span>
     <span class='ocr_line' id='line_1_21' title="bbox 796 3070 1101 3169; baseline 0 -25"><span class='ocrx_word' id='word_1_81' title='bbox 796 3070 934 3146; x_wconf 86' lang='lat' dir='ltr'>Premit</span> <span class='ocrx_word' id='word_1_82' title='bbox 952 3071 1101 3169; x_wconf 86' lang='lat' dir='ltr'>opimos.</span> 
     </span>
    </p>
   </div>
   <div class='ocr_carea' id='block_1_7' title="bbox 406 3301 1105 3627">
    <p class='ocr_par' dir='ltr' id='par_1_17' title="bbox 406 3301 1105 3627">
     <span class='ocr_line' id='line_1_22' title="bbox 406 3301 1105 3400; baseline -0.004 -21"><span class='ocrx_word' id='word_1_83' title='bbox 406 3305 583 3379; x_wconf 89' lang='lat' dir='ltr'>Arborem</span> <span class='ocrx_word' id='word_1_84' title='bbox 601 3313 766 3378; x_wconf 88' lang='lat' dir='ltr'>sternunt</span> <span class='ocrx_word' id='word_1_85' title='bbox 784 3301 908 3394; x_wconf 86' lang='lat' dir='ltr'>caries,</span> <span class='ocrx_word' id='word_1_86' title='bbox 928 3302 1105 3400; x_wconf 82' lang='lat' dir='ltr'>bipennis,</span> 
     </span>
     <span class='ocr_line' id='line_1_23' title="bbox 406 3416 1055 3518; baseline -0.002 -24"><span class='ocrx_word' id='word_1_87' title='bbox 406 3420 554 3518; x_wconf 83' lang='lat' dir='ltr'>Fulgur,</span> <span class='ocrx_word' id='word_1_88' title='bbox 575 3429 612 3493; x_wconf 91' lang='lat' dir='ltr'>et</span> <span class='ocrx_word' id='word_1_89' title='bbox 627 3417 728 3492; x_wconf 91' lang='lat' dir='ltr'>nulla</span> <span class='ocrx_word' id='word_1_90' title='bbox 744 3416 949 3492; x_wconf 86' lang='lat' dir='ltr'>revocanda</span> <span class='ocrx_word' id='word_1_91' title='bbox 965 3445 1055 3493; x_wconf 88' lang='lat' dir='ltr'>voce</span> 
     </span>
     <span class='ocr_line' id='line_1_24' title="bbox 406 3534 1071 3627; baseline -0.006 -17"><span class='ocrx_word' id='word_1_92' title='bbox 406 3534 582 3610; x_wconf 79' lang='lat' dir='ltr'>Caeditur</span> <span class='ocrx_word' id='word_1_93' title='bbox 599 3534 700 3627; x_wconf 85' lang='lat' dir='ltr'>ferro,</span> <span class='ocrx_word' id='word_1_94' title='bbox 721 3543 826 3607; x_wconf 89' lang='lat' dir='ltr'>vorat</span> <span class='ocrx_word' id='word_1_95' title='bbox 843 3559 915 3606; x_wconf 87' lang='lat' dir='ltr'>una</span> <span class='ocrx_word' id='word_1_96' title='bbox 933 3544 1071 3608; x_wconf 84' lang='lat' dir='ltr'>sectam</span> 
     </span>
    </p>
   </div>
   <div class='ocr_carea' id='block_1_8' title="bbox 794 3647 1114 3738">
    <p class='ocr_par' dir='ltr' id='par_1_18' title="bbox 794 3647 1114 3738">
     <span class='ocr_line' id='line_1_25' title="bbox 794 3647 1114 3738; baseline -0.003 -17"><span class='ocrx_word' id='word_1_97' title='bbox 794 3647 945 3723; x_wconf 87' lang='lat' dir='ltr'>Torrida</span> <span class='ocrx_word' id='word_1_98' title='bbox 960 3647 1114 3738; x_wconf 86' lang='lat' dir='ltr'>flamma,</span> 
     </span>
    </p>
   </div>
   <div class='ocr_carea' id='block_1_9' title="bbox 405 3878 1119 4300">
    <p class='ocr_par' dir='ltr' id='par_1_19' title="bbox 405 3878 991 3978">
     <span class='ocr_line' id='line_1_26' title="bbox 405 3878 991 3978; baseline -0.005 -23"><span class='ocrx_word' id='word_1_99' title='bbox 405 3881 455 3955; x_wconf 85' lang='lat' dir='ltr'>Ni</span> <span class='ocrx_word' id='word_1_100' title='bbox 474 3879 562 3955; x_wconf 88' lang='lat' dir='ltr'>velit</span> <span class='ocrx_word' id='word_1_101' title='bbox 580 3879 678 3978; x_wconf 85' lang='lat' dir='ltr'>ligne</span> <span class='ocrx_word' id='word_1_102' title='bbox 695 3878 796 3954; x_wconf 87' lang='lat' dir='ltr'>faber</span> <span class='ocrx_word' id='word_1_103' title='bbox 812 3907 905 3953; x_wconf 86' lang='lat' dir='ltr'>unus</span> <span class='ocrx_word' id='word_1_104' title='bbox 922 3879 991 3953; x_wconf 89' lang='lat' dir='ltr'>uti:</span> 
     </span>
    </p>

    <p class='ocr_par' dir='ltr' id='par_1_20' title="bbox 406 3994 1069 4086">
     <span class='ocr_line' id='line_1_27' title="bbox 406 3994 1069 4086; baseline 0 -17"><span class='ocrx_word' id='word_1_105' title='bbox 406 3998 477 4070; x_wconf 88' lang='lat' dir='ltr'>Ast</span> <span class='ocrx_word' id='word_1_106' title='bbox 495 4022 595 4069; x_wconf 90' lang='lat' dir='ltr'>amor</span> <span class='ocrx_word' id='word_1_107' title='bbox 611 3994 720 4069; x_wconf 84' lang='lat' dir='ltr'>nullis</span> <span class='ocrx_word' id='word_1_108' title='bbox 737 3995 940 4068; x_wconf 87' lang='lat' dir='ltr'>terebratur</span> <span class='ocrx_word' id='word_1_109' title='bbox 957 3995 1069 4086; x_wconf 69' lang='lat' dir='ltr'>annis</span> 
     </span>
    </p>

    <p class='ocr_par' dir='ltr' id='par_1_21' title="bbox 407 4109 1119 4300">
     <span class='ocr_line' id='line_1_28' title="bbox 407 4109 1071 4205; baseline 0 -21"><span class='ocrx_word' id='word_1_110' title='bbox 407 4110 555 4186; x_wconf 83' lang='lat' dir='ltr'>Viribus</span> <span class='ocrx_word' id='word_1_111' title='bbox 572 4109 711 4202; x_wconf 84' lang='lat' dir='ltr'>crescit,</span> <span class='ocrx_word' id='word_1_112' title='bbox 732 4109 939 4205; x_wconf 90' lang='lat' dir='ltr'>domitaque</span> <span class='ocrx_word' id='word_1_113' title='bbox 956 4122 1071 4184; x_wconf 81' lang='lat' dir='ltr'>morte</span> 
     </span>
     <span class='ocr_line' id='line_1_29' title="bbox 797 4221 1119 4300; baseline 0.009 -4"><span class='ocrx_word' id='word_1_114' title='bbox 797 4221 900 4296; x_wconf 88' lang='lat' dir='ltr'>Vivit</span> <span class='ocrx_word' id='word_1_115' title='bbox 916 4223 954 4296; x_wconf 88' lang='lat' dir='ltr'>in</span> <span class='ocrx_word' id='word_1_116' title='bbox 972 4225 1119 4300; x_wconf 83' lang='lat' dir='ltr'>aevum!</span> 
     </span>
    </p>
   </div>
   <div class='ocr_carea' id='block_1_10' title="bbox 0 0 1493 4732">
    <p class='ocr_par' dir='ltr' id='par_1_22' title="bbox 0 0 1493 4732">
     <span class='ocr_line' id='line_1_30' title="bbox 0 0 1493 4732; baseline 0 0"><span class='ocrx_word' id='word_1_117' title='bbox 0 0 1493 4732; x_wconf 95' lang='lat' dir='ltr'> </span> 
     </span>
    </p>
   </div>
  </div>
 </body>
</html>
