2962 4742
571 249 704 306 ‘LIBER
730 249 909 318 octavus

207 1831 357 1928 Versus,
376 1859 502 1930 rumpe
518 1859 647 1926 moras,
667 1843 817 1931 penetra
834 1831 895 1931 pia
911 1842 1015 1932 septa
1033 1831 1155 1926 Pisini,

307 1947 555 2046 Hermagorae
571 1948 645 2023 cari
662 1947 787 2024 limina
804 1973 938 2046 quaero
955 1947 1061 2044 senis,

208 2062 348 2141 Oscula
364 2063 411 2139 da
428 2063 532 2157 vesti,
551 2089 644 2162 quae
660 2063 754 2138 texit
770 2063 933 2162 corporis
950 2073 1050 2140 artus

305 2179 438 2256 Lustra
455 2179 588 2272 decem,
607 2180 713 2276 vesti,
731 2205 826 2278 quae
843 2178 1049 2255 veneranda
1064 2178 1169 2256 nitet.

205 2293 365 2394 Hispida
380 2337 430 2350 -
447 2294 511 2370 sed
528 2293 648 2369 lanam
665 2293 776 2392 Tyn'o
793 2291 851 2370 bis
867 2293 1003 2370 murice
1020 2293 1174 2371 tinctam

301 2410 440 2503 Autem,
460 2419 517 2485 est
533 2409 649 2508 pretio
666 2407 790 2486 lucida
805 2435 952 2507 gemma
967 2409 1094 2486 minor.

203 2525 404 2602 Fortunate
422 2550 533 2601 senex
551 2523 750 2600 Francisco
765 2535 851 2600 nate
868 2535 1028 2625 parente,

303 2639 372 2716 Oui
388 2639 476 2716 tulit
490 2640 689 2716 immensos
705 2665 857 2716 munera
872 2649 978 2716 tanta
994 2639 1113 2717 Deus!

159 2813 162 2825 .
208 2752 318 2830 Salve
335 2755 428 2830 festa
445 2756 532 2850 dies,
551 2756 666 2832 nubes
682 2755 811 2854 procul
827 2755 878 2830 ite
895 2767 1082 2854 vagantes,

307 2869 505 2946 Caeruleus
520 2871 634 2947 nitido
652 2870 841 2970 splendeat
858 2871 943 2968 igne
960 2868 1077 2969 polos,

205 2981 256 3057 Et
272 2983 416 3081 fugiant
433 2985 538 3059 vetiti
555 2983 701 3060 turbare
719 2983 864 3060 silentia
880 2984 990 3077 venti,

302 3098 340 3172 N
341 3126 383 3174 ec
401 3099 494 3174 ferat
510 3098 651 3197 alpinas
669 3123 797 3197 aspera
813 3097 942 3174 broma
957 3097 1078 3174 nives!

205 3211 317 3289 Salve
333 3214 428 3290 festa
444 3213 531 3307 dies,
550 3213 737 3294 sociantur
751 3213 887 3312 gaudia
904 3213 1065 3308 fratrum,

301 3329 340 3404 N
340 3355 380 3406 os
398 3355 549 3428 quoque,
570 3356 661 3405 eane
678 3355 799 3424 senex,
819 3327 992 3406 adsumus
1009 3355 1097 3406 eoos
1113 3327 1191 3406 tiu,

202 3443 241 3518 N
242 3471 288 3520 on
305 3444 479 3544 opulenta
495 3444 616 3521 ferunt
633 3455 779 3522 nostrae
795 3443 863 3522 tibi
881 3469 1032 3522 munera
1048 3443 1209 3539 dextrae,

302 3559 376 3636 Sed
393 3560 583 3659 depromta
599 3560 729 3637 damus
746 3573 895 3659 pectore
912 3571 1000 3637 vota
1017 3559 1089 3660 pio.

201 3674 410 3750 Dividimur
427 3675 561 3774 spatio:
579 3687 618 3752 te
634 3675 795 3752 continet
812 3675 956 3752 Histria
972 3675 1091 3770 tellus,

300 3790 380 3865 Nos
399 3791 525 3867 urbem
542 3791 707 3888 colimus,
725 3818 832 3890 quam
851 3791 947 3892 rigat
965 3791 1061 3868 unda
1079 3791 1200 3866 traria.

201 3904 334 3981 Nescit
350 3932 451 3981 amor
467 3905 567 4001 fines,
587 3907 740 3983 librator
756 3921 930 4006 praepete
947 3909 1076 4008 persua,

298 4020 508 4098 Dissociata
523 4022 614 4099 locis
630 4021 773 4100 foedere
790 4023 905 4100 notit
923 4047 1047 4116 oraru,

201 4135 303 4213 Ecce
321 4135 530 4214 sacerdotes
545 4137 649 4215 testis
666 4163 859 4237 operamur
875 4137 911 4214 in
928 4137 1012 4232 aris,

299 4253 350 4329 Et
367 4253 477 4330 celeri
493 4253 591 4352 fugit
606 4251 703 4330 laeta
712 4253 871 4352 juventa
886 4251 995 4344 pate:
