2962 4742
185 179 240 235 428
662 186 876 244 CARMINUM

186 375 268 452 Nec
287 375 419 449 fidibus
436 373 594 449 citharae
610 400 677 449 nec
694 375 854 450 carmine
872 375 1000 450 dicitur
1023 375 1107 450 ullo.

285 489 358 588 (A.)
378 489 478 565 Ecce
497 516 602 587 sopor
619 517 749 588 pueros
766 491 900 588 mergit
915 491 1118 589 mergitque
1136 490 1292 588 puellas,

186 607 239 682 At
255 605 369 682 nostri
387 605 541 704 vigilant
558 606 663 699 oculi,
684 607 900 682 decumbere
918 606 1016 683 lecto

186 722 376 815 Nolumus,
397 732 453 796 est
469 722 584 819 major
600 722 702 796 nobis
721 722 926 819 quaerenda
944 722 1123 819 voluptas.

185 837 257 912 Hic
275 837 375 913 locus
393 847 477 912 ante
496 837 652 929 domurn,
674 837 733 912 cui
751 837 1048 912 circumfunditur
1066 850 1135 929 aer,

185 953 370 1028 Prominet
387 952 565 1048 excelsus,
584 952 744 1050 duroque
762 952 889 1027 sedilia
907 981 994 1028 saxo
1075 939 1089 960 ”

184 1069 269 1142 Non
286 1068 449 1143 cruciant
469 1080 577 1161 artus,
599 1069 629 1142 si
648 1095 799 1165 quaeras
816 1069 951 1165 gaudia
967 1068 1092 1144 noctis

185 1183 248 1258 Sol
266 1183 355 1258 abiit
372 1183 509 1258 dudum
527 1182 733 1281 dudumque
750 1184 850 1258 lvere
868 1183 1016 1276 calores,

182 1298 400 1374 Demulcent
418 1325 527 1374 aurae
539 1298 703 1397 jucundo
719 1299 852 1396 frigore
869 1298 1020 1391 vultum,

184 1414 297 1489 Nulla
314 1413 398 1512 polo
415 1414 539 1505 nubes,
559 1440 604 1488 en
622 1412 739 1489 sidera
757 1413 835 1489 luce
853 1424 1056 1507 coruscant,

184 1529 290 1604 Luna
302 1529 412 1627 jubar
430 1528 557 1625 fundit,
577 1540 748 1626 pacatum
767 1530 937 1604 sternitur
956 1555 1089 1629 aequor
1106 1572 1155 1583 -

185 1645 280 1720 Sunt
297 1645 405 1743 hujus
423 1643 587 1742 placidae
605 1644 763 1719 facunda
781 1644 924 1720 silentia
941 1647 1073 1721 noctis!

282 1760 359 1852 (B.)
378 1759 499 1834 Turba
515 1759 660 1835 theatra
677 1770 789 1856 petat,
809 1760 912 1835 nobis
929 1760 1071 1858 potiora
1089 1761 1250 1858 supremi

181 1876 299 1952 Vasta
314 1875 458 1950 theatra
475 1874 545 1950 Dei
561 1916 611 1928 -
627 1862 764 1950 trutina
781 1875 913 1950 librare
930 1875 1037 1968 fideli,

184 1992 287 2084 Quae
304 1990 410 2088 digiti
427 1988 545 2065 fecere
564 1990 645 2086 Dei,
665 1989 843 2089 sapientia
859 1991 963 2066 vera!

185 2106 270 2182 Otia
290 2107 319 2181 si
338 2133 489 2204 quaeras
507 2106 720 2204 sinceraque
738 2105 872 2202 gaudia
889 2106 998 2199 cordi,

185 2222 326 2314 Quaere
343 2223 464 2297 Deum
485 2247 635 2320 semper,
656 2222 797 2319 praefer
814 2249 984 2298 mansura
1002 2223 1158 2299 caducis.

182 2338 344 2413 Plurima
362 2338 560 2432 discuntur,
580 2337 794 2444 tumidoque
809 2338 993 2414 extollitur
1011 2365 1071 2414 ore

181 2453 293 2530 Parta
310 2453 431 2528 labore
448 2452 552 2551 gravi
571 2451 749 2550 longoque
769 2453 927 2547 scientia,
948 2439 1074 2529 verum

180 2567 266 2646 Heu
283 2596 364 2644 raro
380 2567 575 2643 meminere
593 2567 678 2643 Dei!
698 2569 800 2644 Deus
820 2568 927 2644 Orbis
946 2570 1062 2667 origol

183 2685 222 2760 Si
239 2683 392 2783 praebes
409 2682 578 2774 humana,
598 2683 724 2757 vident
740 2725 789 2736 -
807 2695 891 2758 sunt
908 2683 1043 2758 lumine
1061 2684 1169 2782 capti,

183 2799 223 2876 Si
240 2799 364 2874 divina
382 2798 487 2874 feras.

277 2915 357 3004 (A.)
376 2914 539 3013 Coepisti
558 2914 707 2990 reddere
726 2915 857 3011 verbis,

183 3028 285 3118 Quae
303 3029 427 3105 dicant
443 3029 610 3127 placidae
627 3030 786 3105 facunda
804 3030 947 3106 silentia
963 3033 1096 3135 noctis3
1153 3105 1155 3112 .

181 3143 304 3217 Aurea
321 3146 432 3219 verba
448 3146 570 3243 probo,
591 3145 654 3220 sed
671 3146 820 3221 reddere
840 3147 946 3245 plura
963 3159 1153 3240 memento,

182 3257 271 3332 Fert
289 3259 429 3334 animus
447 3261 582 3336 sociare
601 3261 674 3335 tuis
691 3288 773 3336 mea
790 3263 902 3338 verba
920 3290 1125 3362 parumper.

278 3373 360 3449 Hoc
376 3403 484 3470 mare,
505 3377 600 3476 quod
618 3377 733 3471 vide0,
755 3379 850 3477 quod
867 3379 1039 3455 fluctibus
1058 3380 1162 3454 alluit
1181 3381 1318 3476 urbem,

180 3487 251 3565 Est
266 3490 375 3565 maris
393 3491 567 3586 immensi,
589 3492 683 3590 quod
700 3505 833 3569 terram
850 3495 993 3592 cingere
1011 3497 1116 3588 nosti,

180 3603 334 3678 Nonnisi
352 3631 473 3701 pars...
492 3609 678 3706 partisque
697 3609 816 3683 sinum
834 3611 1089 3688 meditabimur
1106 3611 1226 3710 hujus

180 3715 250 3794 Est
268 3718 367 3794 sinus
385 3734 570 3818 angustus,
590 3724 651 3822 qui
668 3750 734 3800 nos
753 3751 774 3798 a
792 3725 883 3801 colle
902 3727 1033 3802 virenti

183 3831 338 3931 Separat
355 3835 515 3931 adverse,
536 3837 634 3914 sinus
651 3838 711 3916 hic
729 3839 797 3914 tibi
816 3841 981 3916 cominus
998 3843 1129 3918 adstat.

179 3948 258 4024 Nec
277 3960 401 4049 guttas
417 3979 607 4029 numerare
625 3954 736 4050 vales,
757 3982 826 4032 nec
840 3958 982 4055 pondus
1000 3985 1174 4057 aquarum

179 4062 351 4161 Pendere,
371 4094 437 4143 nec
458 4069 563 4145 siccis
581 4070 734 4168 pedibus
753 4073 905 4148 transire
923 4102 988 4172 per
1006 4074 1135 4172 undas3

175 4177 215 4254 N
216 4206 261 4257 on
279 4193 383 4280 potes
401 4183 559 4283 allapsos
576 4213 598 4261 a
614 4185 740 4262 littore
757 4187 892 4285 pellere
909 4188 1047 4283 fluctus,
