<?xml version="1.0" encoding="UTF-8"?>
<!DOCTYPE html PUBLIC "-//W3C//DTD XHTML 1.0 Transitional//EN"
    "http://www.w3.org/TR/xhtml1/DTD/xhtml1-transitional.dtd">
<html xmlns="http://www.w3.org/1999/xhtml" xml:lang="en" lang="en">
 <head>
  <title>
</title>
<meta http-equiv="Content-Type" content="text/html;charset=utf-8" />
  <meta name='ocr-system' content='tesseract 3.04.00' />
  <meta name='ocr-capabilities' content='ocr_page ocr_carea ocr_par ocr_line ocrx_word'/>
</head>
<body>
  <div class='ocr_page' id='page_1' title='image "./carminumlibrioc00schngoog_0375.png"; bbox 0 0 2972 4738; ppageno 0'>
   <div class='ocr_carea' id='block_1_1' title="bbox 197 205 892 280">
    <p class='ocr_par' dir='ltr' id='par_1_1' title="bbox 197 205 892 280">
     <span class='ocr_line' id='line_1_1' title="bbox 197 205 892 280; baseline 0.004 -6"><span class='ocrx_word' id='word_1_1' title='bbox 197 217 252 274; x_wconf 81' lang='lat' dir='ltr'><strong>aro</strong></span> <span class='ocrx_word' id='word_1_2' title='bbox 443 205 445 212; x_wconf 79' lang='grc'><strong>“</strong></span> <span class='ocrx_word' id='word_1_3' title='bbox 677 221 892 280; x_wconf 73' lang='lat' dir='ltr'><strong>cremnon</strong></span> 
     </span>
    </p>
   </div>
   <div class='ocr_carea' id='block_1_2' title="bbox 172 411 1478 4321">
    <p class='ocr_par' dir='ltr' id='par_1_2' title="bbox 198 411 1049 741">
     <span class='ocr_line' id='line_1_2' title="bbox 198 411 1048 512; baseline 0 -23"><span class='ocrx_word' id='word_1_4' title='bbox 198 415 290 489; x_wconf 83' lang='lat' dir='ltr'><strong>Arte</strong></span> <span class='ocrx_word' id='word_1_5' title='bbox 308 414 417 490; x_wconf 90' lang='lat' dir='ltr'><strong>rudes</strong></span> <span class='ocrx_word' id='word_1_6' title='bbox 434 413 537 512; x_wconf 90' lang='lat' dir='ltr'><strong>pueri</strong></span> <span class='ocrx_word' id='word_1_7' title='bbox 558 412 660 489; x_wconf 88' lang='lat' dir='ltr'><strong>tenui</strong></span> <span class='ocrx_word' id='word_1_8' title='bbox 677 411 905 488; x_wconf 86' lang='lat' dir='ltr'><strong>modulamur</strong></span> <span class='ocrx_word' id='word_1_9' title='bbox 922 439 1048 490; x_wconf 88' lang='lat' dir='ltr'><strong>avena.</strong></span> 
     </span>
     <span class='ocr_line' id='line_1_3' title="bbox 199 526 1049 624; baseline 0 -20"><span class='ocrx_word' id='word_1_10' title='bbox 199 529 347 605; x_wconf 85' lang='lat' dir='ltr'><strong>Barbite</strong></span> <span class='ocrx_word' id='word_1_11' title='bbox 364 554 448 605; x_wconf 87' lang='lat' dir='ltr'><strong>cara</strong></span> <span class='ocrx_word' id='word_1_12' title='bbox 465 527 547 604; x_wconf 89' lang='lat' dir='ltr'><strong>veni</strong></span> <span class='ocrx_word' id='word_1_13' title='bbox 566 527 674 602; x_wconf 92' lang='lat' dir='ltr'><strong>viridi</strong></span> <span class='ocrx_word' id='word_1_14' title='bbox 692 526 919 603; x_wconf 86' lang='lat' dir='ltr'><strong>circumdata</strong></span> <span class='ocrx_word' id='word_1_15' title='bbox 937 527 1049 624; x_wconf 84' lang='lat' dir='ltr'><strong>lauro,</strong></span> 
     </span>
     <span class='ocr_line' id='line_1_4' title="bbox 199 642 984 741; baseline 0 -22"><span class='ocrx_word' id='word_1_16' title='bbox 199 644 250 720; x_wconf 87' lang='lat' dir='ltr'><strong>Et</strong></span> <span class='ocrx_word' id='word_1_17' title='bbox 267 645 393 720; x_wconf 89' lang='lat' dir='ltr'><strong>feriam</strong></span> <span class='ocrx_word' id='word_1_18' title='bbox 411 645 520 720; x_wconf 88' lang='lat' dir='ltr'><strong>docto</strong></span> <span class='ocrx_word' id='word_1_19' title='bbox 537 643 744 719; x_wconf 79' lang='lat' dir='ltr'><strong>resonantia</strong></span> <span class='ocrx_word' id='word_1_20' title='bbox 761 642 891 741; x_wconf 84' lang='lat' dir='ltr'>pollice</span> <span class='ocrx_word' id='word_1_21' title='bbox 911 643 984 719; x_wconf 85' lang='lat' dir='ltr'><strong>fila.</strong></span> 
     </span>
    </p>

    <p class='ocr_par' dir='ltr' id='par_1_3' title="bbox 200 757 1232 1321">
     <span class='ocr_line' id='line_1_5' title="bbox 297 757 1232 856; baseline 0 -21"><span class='ocrx_word' id='word_1_22' title='bbox 297 759 372 850; x_wconf 85' lang='lat' dir='ltr'><strong>(D.)</strong></span> <span class='ocrx_word' id='word_1_23' title='bbox 391 759 605 836; x_wconf 88' lang='lat' dir='ltr'><strong>Sanctorum</strong></span> <span class='ocrx_word' id='word_1_24' title='bbox 624 758 727 838; x_wconf 84' lang='lat' dir='ltr'><strong>sedes</strong></span> <span class='ocrx_word' id='word_1_25' title='bbox 744 757 782 832; x_wconf 90' lang='lat' dir='ltr'><strong>in</strong></span> <span class='ocrx_word' id='word_1_26' title='bbox 800 759 925 856; x_wconf 85' lang='lat' dir='ltr'><strong>magni</strong></span> <span class='ocrx_word' id='word_1_27' title='bbox 944 758 1079 835; x_wconf 90' lang='lat' dir='ltr'><strong>vertice</strong></span> <span class='ocrx_word' id='word_1_28' title='bbox 1098 759 1232 835; x_wconf 89' lang='lat' dir='ltr'><strong>montis</strong></span> 
     </span>
     <span class='ocr_line' id='line_1_6' title="bbox 200 873 1176 974; baseline 0.001 -24"><span class='ocrx_word' id='word_1_29' title='bbox 200 876 394 970; x_wconf 77' lang='lat' dir='ltr'>Prominet,</span> <span class='ocrx_word' id='word_1_30' title='bbox 414 876 499 951; x_wconf 92' lang='lat' dir='ltr'><strong>urbs</strong></span> <span class='ocrx_word' id='word_1_31' title='bbox 516 884 640 950; x_wconf 87' lang='lat' dir='ltr'><strong>tantae</strong></span> <span class='ocrx_word' id='word_1_32' title='bbox 659 874 765 949; x_wconf 89' lang='lat' dir='ltr'><strong>molis</strong></span> <span class='ocrx_word' id='word_1_33' title='bbox 784 873 1033 972; x_wconf 83' lang='lat' dir='ltr'><strong>(memorabile</strong></span> <span class='ocrx_word' id='word_1_34' title='bbox 1052 874 1176 974; x_wconf 86' lang='lat' dir='ltr'><strong>dictu),</strong></span> 
     </span>
     <span class='ocr_line' id='line_1_7' title="bbox 201 989 1154 1068; baseline -0.004 0"><span class='ocrx_word' id='word_1_35' title='bbox 201 989 255 1068; x_wconf 91' lang='lat' dir='ltr'><strong>Ut</strong></span> <span class='ocrx_word' id='word_1_36' title='bbox 272 992 415 1067; x_wconf 89' lang='lat' dir='ltr'><strong>fervens</strong></span> <span class='ocrx_word' id='word_1_37' title='bbox 432 989 582 1066; x_wconf 84' lang='lat' dir='ltr'><strong>hebetet</strong></span> <span class='ocrx_word' id='word_1_38' title='bbox 598 1001 761 1064; x_wconf 86' lang='lat' dir='ltr'><strong>nostram</strong></span> <span class='ocrx_word' id='word_1_39' title='bbox 777 989 967 1065; x_wconf 80' lang='lat' dir='ltr'><strong>meditatio</strong></span> <span class='ocrx_word' id='word_1_40' title='bbox 985 1001 1154 1066; x_wconf 87' lang='lat' dir='ltr'><strong>mentem.</strong></span> 
     </span>
     <span class='ocr_line' id='line_1_8' title="bbox 200 1105 1167 1206; baseline -0.002 -23"><span class='ocrx_word' id='word_1_41' title='bbox 200 1105 300 1183; x_wconf 92' lang='lat' dir='ltr'><strong>Urbs</strong></span> <span class='ocrx_word' id='word_1_42' title='bbox 317 1105 493 1206; x_wconf 86' lang='lat' dir='ltr'><strong>quadrata</strong></span> <span class='ocrx_word' id='word_1_43' title='bbox 509 1115 625 1204; x_wconf 84' lang='lat' dir='ltr'><strong>patet,</strong></span> <span class='ocrx_word' id='word_1_44' title='bbox 643 1131 750 1203; x_wconf 90' lang='lat' dir='ltr'><strong>quam</strong></span> <span class='ocrx_word' id='word_1_45' title='bbox 770 1105 1026 1203; x_wconf 83' lang='lat' dir='ltr'><strong>circumcingit</strong></span> <span class='ocrx_word' id='word_1_46' title='bbox 1043 1105 1167 1204; x_wconf 80' lang='lat' dir='ltr'><strong>iaspis,</strong></span> 
     </span>
     <span class='ocr_line' id='line_1_9' title="bbox 202 1220 1117 1321; baseline -0.002 -23"><span class='ocrx_word' id='word_1_47' title='bbox 202 1222 496 1321; x_wconf 87' lang='lat' dir='ltr'><strong>Unumquodque</strong></span> <span class='ocrx_word' id='word_1_48' title='bbox 514 1220 610 1296; x_wconf 91' lang='lat' dir='ltr'><strong>latus</strong></span> <span class='ocrx_word' id='word_1_49' title='bbox 628 1221 812 1298; x_wconf 81' lang='lat' dir='ltr'><strong>sexcentis</strong></span> <span class='ocrx_word' id='word_1_50' title='bbox 829 1220 992 1297; x_wconf 90' lang='lat' dir='ltr'><strong>tenditur</strong></span> <span class='ocrx_word' id='word_1_51' title='bbox 1009 1220 1117 1315; x_wconf 85' lang='lat' dir='ltr'><strong>horis,</strong></span> 
     </span>
    </p>

    <p class='ocr_par' dir='ltr' id='par_1_4' title="bbox 202 1336 1214 1646">
     <span class='ocr_line' id='line_1_10' title="bbox 202 1336 1214 1436; baseline -0.005 -22"><span class='ocrx_word' id='word_1_52' title='bbox 202 1337 254 1413; x_wconf 86' lang='lat' dir='ltr'><strong>Et</strong></span> <span class='ocrx_word' id='word_1_53' title='bbox 270 1349 394 1414; x_wconf 87' lang='lat' dir='ltr'><strong>ternae</strong></span> <span class='ocrx_word' id='word_1_54' title='bbox 411 1363 577 1436; x_wconf 89' lang='lat' dir='ltr'><strong>gemmae</strong></span> <span class='ocrx_word' id='word_1_55' title='bbox 595 1347 678 1412; x_wconf 88' lang='lat' dir='ltr'><strong>sunt</strong></span> <span class='ocrx_word' id='word_1_56' title='bbox 695 1336 932 1412; x_wconf 85' lang='lat' dir='ltr'><strong>fundamenta</strong></span> <span class='ocrx_word' id='word_1_57' title='bbox 949 1336 1102 1413; x_wconf 87' lang='lat' dir='ltr'><strong>locatae.</strong></span> <span class='ocrx_word' id='word_1_58' title='bbox 1212 1404 1214 1409; x_wconf 86' lang='lat'><em>.</em></span> 
     </span>
     <span class='ocr_line' id='line_1_11' title="bbox 203 1450 1212 1552; baseline -0.001 -23"><span class='ocrx_word' id='word_1_59' title='bbox 203 1453 409 1552; x_wconf 89' lang='lat' dir='ltr'><strong>Oquantae</strong></span> <span class='ocrx_word' id='word_1_60' title='bbox 425 1452 607 1550; x_wconf 82' lang='lat' dir='ltr'><strong>gemmae!</strong></span> <span class='ocrx_word' id='word_1_61' title='bbox 628 1451 691 1527; x_wconf 90' lang='lat' dir='ltr'><strong>sed</strong></span> <span class='ocrx_word' id='word_1_62' title='bbox 709 1450 857 1527; x_wconf 89' lang='lat' dir='ltr'><strong>concido</strong></span> <span class='ocrx_word' id='word_1_63' title='bbox 875 1451 1033 1549; x_wconf 88' lang='lat' dir='ltr'><strong>pondere</strong></span> <span class='ocrx_word' id='word_1_64' title='bbox 1050 1453 1212 1551; x_wconf 88' lang='lat' dir='ltr'><strong>pressus!</strong></span> 
     </span>
     <span class='ocr_line' id='line_1_12' title="bbox 204 1566 1125 1646; baseline -0.003 0"><span class='ocrx_word' id='word_1_65' title='bbox 204 1569 361 1646; x_wconf 83' lang='lat' dir='ltr'><strong>Centum</strong></span> <span class='ocrx_word' id='word_1_66' title='bbox 380 1579 417 1643; x_wconf 90' lang='lat' dir='ltr'><strong>et</strong></span> <span class='ocrx_word' id='word_1_67' title='bbox 432 1568 488 1643; x_wconf 92' lang='lat' dir='ltr'><strong>bis</strong></span> <span class='ocrx_word' id='word_1_68' title='bbox 505 1566 619 1643; x_wconf 93' lang='lat' dir='ltr'><strong>vicies</strong></span> <span class='ocrx_word' id='word_1_69' title='bbox 636 1566 813 1643; x_wconf 89' lang='lat' dir='ltr'><strong>tolluntur</strong></span> <span class='ocrx_word' id='word_1_70' title='bbox 830 1567 972 1642; x_wconf 91' lang='lat' dir='ltr'><strong>moenia</strong></span> <span class='ocrx_word' id='word_1_71' title='bbox 989 1567 1125 1643; x_wconf 90' lang='lat' dir='ltr'><strong>circum</strong></span> 
     </span>
    </p>

    <p class='ocr_par' dir='ltr' id='par_1_5' title="bbox 203 1682 1185 2356">
     <span class='ocr_line' id='line_1_13' title="bbox 203 1682 1185 1782; baseline 0 -24"><span class='ocrx_word' id='word_1_72' title='bbox 203 1684 254 1758; x_wconf 85' lang='lat' dir='ltr'><strong>Et</strong></span> <span class='ocrx_word' id='word_1_73' title='bbox 270 1694 425 1782; x_wconf 91' lang='lat' dir='ltr'><strong>quatuor</strong></span> <span class='ocrx_word' id='word_1_74' title='bbox 443 1683 586 1778; x_wconf 88' lang='lat' dir='ltr'><strong>cubitis,</strong></span> <span class='ocrx_word' id='word_1_75' title='bbox 607 1683 671 1758; x_wconf 91' lang='lat' dir='ltr'><strong>sed</strong></span> <span class='ocrx_word' id='word_1_76' title='bbox 688 1682 874 1759; x_wconf 90' lang='lat' dir='ltr'><strong>moenibus</strong></span> <span class='ocrx_word' id='word_1_77' title='bbox 893 1683 999 1759; x_wconf 91' lang='lat' dir='ltr'><strong>altior</strong></span> <span class='ocrx_word' id='word_1_78' title='bbox 1017 1683 1102 1758; x_wconf 90' lang='lat' dir='ltr'><strong>urbs</strong></span> <span class='ocrx_word' id='word_1_79' title='bbox 1120 1694 1185 1776; x_wconf 85' lang='lat' dir='ltr'><strong>est,</strong></span> 
     </span>
     <span class='ocr_line' id='line_1_14' title="bbox 203 1797 1096 1898; baseline -0.003 -21"><span class='ocrx_word' id='word_1_80' title='bbox 203 1800 345 1898; x_wconf 86' lang='lat' dir='ltr'><strong>Utpote</strong></span> <span class='ocrx_word' id='word_1_81' title='bbox 363 1826 456 1898; x_wconf 88' lang='lat' dir='ltr'><strong>quae</strong></span> <span class='ocrx_word' id='word_1_82' title='bbox 474 1799 611 1897; x_wconf 89' lang='lat' dir='ltr'><strong>pariter</strong></span> <span class='ocrx_word' id='word_1_83' title='bbox 629 1799 812 1874; x_wconf 86' lang='lat' dir='ltr'><strong>sexcentis</strong></span> <span class='ocrx_word' id='word_1_84' title='bbox 829 1799 970 1874; x_wconf 90' lang='lat' dir='ltr'><strong>tollitur</strong></span> <span class='ocrx_word' id='word_1_85' title='bbox 987 1797 1096 1874; x_wconf 85' lang='lat' dir='ltr'><strong>horis.</strong></span> 
     </span>
     <span class='ocr_line' id='line_1_15' title="bbox 203 1914 997 2016; baseline -0.004 -25"><span class='ocrx_word' id='word_1_86' title='bbox 203 1916 379 1991; x_wconf 89' lang='lat' dir='ltr'><strong>Bissenae</strong></span> <span class='ocrx_word' id='word_1_87' title='bbox 396 1926 531 2016; x_wconf 86' lang='lat' dir='ltr'><strong>portae,</strong></span> <span class='ocrx_word' id='word_1_88' title='bbox 552 1925 737 2013; x_wconf 87' lang='lat' dir='ltr'><strong>portarum</strong></span> <span class='ocrx_word' id='word_1_89' title='bbox 756 1914 907 1992; x_wconf 87' lang='lat' dir='ltr'><strong>cuilibet</strong></span> <span class='ocrx_word' id='word_1_90' title='bbox 924 1941 997 1989; x_wconf 89' lang='lat' dir='ltr'><strong>una</strong></span> 
     </span>
     <span class='ocr_line' id='line_1_16' title="bbox 204 2029 1080 2130; baseline 0 -24"><span class='ocrx_word' id='word_1_91' title='bbox 204 2031 406 2130; x_wconf 84' lang='lat' dir='ltr'><strong>Margarita</strong></span> <span class='ocrx_word' id='word_1_92' title='bbox 421 2030 536 2124; x_wconf 88' lang='lat' dir='ltr'><strong>datur,</strong></span> <span class='ocrx_word' id='word_1_93' title='bbox 557 2031 680 2129; x_wconf 86' lang='lat' dir='ltr'><strong>capies</strong></span> <span class='ocrx_word' id='word_1_94' title='bbox 698 2029 893 2130; x_wconf 88' lang='lat' dir='ltr'><strong>cujuslibet</strong></span> <span class='ocrx_word' id='word_1_95' title='bbox 911 2030 1080 2129; x_wconf 87' lang='lat' dir='ltr'><strong>amplam,</strong></span> 
     </span>
     <span class='ocr_line' id='line_1_17' title="bbox 205 2146 1130 2244; baseline 0 -22"><span class='ocrx_word' id='word_1_96' title='bbox 205 2147 351 2222; x_wconf 89' lang='lat' dir='ltr'><strong>Moenia</strong></span> <span class='ocrx_word' id='word_1_97' title='bbox 368 2147 398 2222; x_wconf 90' lang='lat' dir='ltr'><strong>si</strong></span> <span class='ocrx_word' id='word_1_98' title='bbox 416 2157 568 2244; x_wconf 86' lang='lat' dir='ltr'><strong>spectes,</strong></span> <span class='ocrx_word' id='word_1_99' title='bbox 587 2146 735 2244; x_wconf 83' lang='lat' dir='ltr'><strong>molcm3</strong></span> <span class='ocrx_word' id='word_1_100' title='bbox 755 2163 840 2224; x_wconf 89' lang='lat' dir='ltr'><strong>sunt</strong></span> <span class='ocrx_word' id='word_1_101' title='bbox 857 2157 972 2222; x_wconf 86' lang='lat' dir='ltr'><strong>strata</strong></span> <span class='ocrx_word' id='word_1_102' title='bbox 989 2146 1130 2222; x_wconf 90' lang='lat' dir='ltr'><strong>viarum</strong></span> 
     </span>
     <span class='ocr_line' id='line_1_18' title="bbox 206 2261 1078 2356; baseline 0.001 -20"><span class='ocrx_word' id='word_1_103' title='bbox 206 2264 339 2356; x_wconf 87' lang='lat' dir='ltr'><strong>Aurea,</strong></span> <span class='ocrx_word' id='word_1_104' title='bbox 359 2261 538 2338; x_wconf 88' lang='lat' dir='ltr'><strong>celsarum</strong></span> <span class='ocrx_word' id='word_1_105' title='bbox 557 2261 668 2337; x_wconf 92' lang='lat' dir='ltr'><strong>series</strong></span> <span class='ocrx_word' id='word_1_106' title='bbox 685 2262 862 2356; x_wconf 88' lang='lat' dir='ltr'><strong>concinna</strong></span> <span class='ocrx_word' id='word_1_107' title='bbox 880 2261 1078 2339; x_wconf 85' lang='lat' dir='ltr'><strong>domorum.</strong></span> 
     </span>
    </p>

    <p class='ocr_par' dir='ltr' id='par_1_6' title="bbox 207 2377 1128 2592">
     <span class='ocr_line' id='line_1_19' title="bbox 207 2377 1128 2476; baseline -0.003 -23"><span class='ocrx_word' id='word_1_108' title='bbox 207 2380 305 2455; x_wconf 86' lang='lat' dir='ltr'><strong>Ecce</strong></span> <span class='ocrx_word' id='word_1_109' title='bbox 322 2404 409 2453; x_wconf 91' lang='lat' dir='ltr'><strong>auro</strong></span> <span class='ocrx_word' id='word_1_110' title='bbox 426 2378 553 2453; x_wconf 80' lang='lat' dir='ltr'><strong>rutilat</strong></span> <span class='ocrx_word' id='word_1_111' title='bbox 569 2404 669 2476; x_wconf 90' lang='lat' dir='ltr'><strong>puro,</strong></span> <span class='ocrx_word' id='word_1_112' title='bbox 689 2405 761 2454; x_wconf 82' lang='lat' dir='ltr'><strong>nox</strong></span> <span class='ocrx_word' id='word_1_113' title='bbox 779 2377 928 2453; x_wconf 87' lang='lat' dir='ltr'><strong>humida</strong></span> <span class='ocrx_word' id='word_1_114' title='bbox 944 2403 1128 2476; x_wconf 88' lang='lat' dir='ltr'><strong>nunquam</strong></span> 
     </span>
     <span class='ocr_line' id='line_1_20' title="bbox 209 2492 1105 2592; baseline -0.001 -23"><span class='ocrx_word' id='word_1_115' title='bbox 209 2493 432 2591; x_wconf 87' lang='lat' dir='ltr'><strong>Praecipitat</strong></span> <span class='ocrx_word' id='word_1_116' title='bbox 447 2493 557 2587; x_wconf 85' lang='lat' dir='ltr'><strong>coelo,</strong></span> <span class='ocrx_word' id='word_1_117' title='bbox 576 2520 647 2569; x_wconf 91' lang='lat' dir='ltr'><strong>non</strong></span> <span class='ocrx_word' id='word_1_118' title='bbox 666 2492 806 2590; x_wconf 84' lang='lat' dir='ltr'><strong>indiget</strong></span> <span class='ocrx_word' id='word_1_119' title='bbox 822 2493 907 2592; x_wconf 92' lang='lat' dir='ltr'><strong>igne</strong></span> <span class='ocrx_word' id='word_1_120' title='bbox 924 2493 1105 2585; x_wconf 88' lang='lat' dir='ltr'><strong>lucernae,</strong></span> 
     </span>
    </p>

    <p class='ocr_par' dir='ltr' id='par_1_7' title="bbox 172 2607 1216 2937">
     <span class='ocr_line' id='line_1_21' title="bbox 172 2607 1119 2707; baseline -0.002 -23"><span class='ocrx_word' id='word_1_121' title='bbox 172 2637 174 2644; x_wconf 57' lang='lat'><strong><em>⁴</em></strong></span> <span class='ocrx_word' id='word_1_122' title='bbox 209 2610 294 2684; x_wconf 91' lang='lat' dir='ltr'><strong>Non</strong></span> <span class='ocrx_word' id='word_1_123' title='bbox 312 2608 397 2684; x_wconf 89' lang='lat' dir='ltr'><strong>solis</strong></span> <span class='ocrx_word' id='word_1_124' title='bbox 414 2607 524 2683; x_wconf 92' lang='lat' dir='ltr'><strong>radiis</strong></span> <span class='ocrx_word' id='word_1_125' title='bbox 541 2608 626 2683; x_wconf 91' lang='lat' dir='ltr'><strong>urbs</strong></span> <span class='ocrx_word' id='word_1_126' title='bbox 644 2609 742 2705; x_wconf 82' lang='lat' dir='ltr'><strong>Agni</strong></span> <span class='ocrx_word' id='word_1_127' title='bbox 760 2607 895 2684; x_wconf 89' lang='lat' dir='ltr'><strong>lumine</strong></span> <span class='ocrx_word' id='word_1_128' title='bbox 913 2608 1119 2707; x_wconf 90' lang='lat' dir='ltr'><strong>splendens.</strong></span> 
     </span>
     <span class='ocr_line' id='line_1_22' title="bbox 210 2722 1216 2826; baseline 0.002 -28"><span class='ocrx_word' id='word_1_129' title='bbox 210 2724 355 2826; x_wconf 84' lang='lat' dir='ltr'><strong>Quanta</strong></span> <span class='ocrx_word' id='word_1_130' title='bbox 372 2723 455 2798; x_wconf 91' lang='lat' dir='ltr'><strong>luce</strong></span> <span class='ocrx_word' id='word_1_131' title='bbox 473 2722 542 2798; x_wconf 91' lang='lat' dir='ltr'><strong>Dei</strong></span> <span class='ocrx_word' id='word_1_132' title='bbox 559 2723 789 2821; x_wconf 86' lang='lat' dir='ltr'><strong>resplendeat</strong></span> <span class='ocrx_word' id='word_1_133' title='bbox 805 2724 922 2822; x_wconf 89' lang='lat' dir='ltr'><strong>ignea,</strong></span> <span class='ocrx_word' id='word_1_134' title='bbox 945 2723 1077 2800; x_wconf 85' lang='lat' dir='ltr'><strong>Saulus</strong></span> <span class='ocrx_word' id='word_1_135' title='bbox 1209 2771 1216 2776; x_wconf 96' lang='lat'>-</span> 
     </span>
     <span class='ocr_line' id='line_1_23' title="bbox 210 2838 1112 2937; baseline -0.001 -22"><span class='ocrx_word' id='word_1_136' title='bbox 210 2840 334 2932; x_wconf 87' lang='lat' dir='ltr'><strong>Novit,</strong></span> <span class='ocrx_word' id='word_1_137' title='bbox 353 2839 410 2914; x_wconf 88' lang='lat' dir='ltr'><strong>cui</strong></span> <span class='ocrx_word' id='word_1_138' title='bbox 429 2839 550 2937; x_wconf 87' lang='lat' dir='ltr'><strong>fulgur</strong></span> <span class='ocrx_word' id='word_1_139' title='bbox 568 2838 715 2914; x_wconf 92' lang='lat' dir='ltr'><strong>Domini</strong></span> <span class='ocrx_word' id='word_1_140' title='bbox 734 2839 808 2915; x_wconf 90' lang='lat' dir='ltr'><strong>cito</strong></span> <span class='ocrx_word' id='word_1_141' title='bbox 826 2839 948 2915; x_wconf 90' lang='lat' dir='ltr'><strong>lumen</strong></span> <span class='ocrx_word' id='word_1_142' title='bbox 966 2839 1112 2916; x_wconf 87' lang='lat' dir='ltr'><strong>ademit.</strong></span> 
     </span>
    </p>

    <p class='ocr_par' dir='ltr' id='par_1_8' title="bbox 209 2954 1209 3401">
     <span class='ocr_line' id='line_1_24' title="bbox 209 2954 1035 3055; baseline 0 -25"><span class='ocrx_word' id='word_1_143' title='bbox 209 2955 270 3030; x_wconf 86' lang='lat' dir='ltr'><strong>An</strong></span> <span class='ocrx_word' id='word_1_144' title='bbox 287 2954 376 3029; x_wconf 91' lang='lat' dir='ltr'><strong>mihi</strong></span> <span class='ocrx_word' id='word_1_145' title='bbox 394 2954 490 3030; x_wconf 88' lang='lat' dir='ltr'><strong>felici</strong></span> <span class='ocrx_word' id='word_1_146' title='bbox 508 2955 755 3053; x_wconf 88' lang='lat' dir='ltr'><strong>pulcherrima</strong></span> <span class='ocrx_word' id='word_1_147' title='bbox 772 2967 878 3054; x_wconf 90' lang='lat' dir='ltr'><strong>porta</strong></span> <span class='ocrx_word' id='word_1_148' title='bbox 895 2956 1035 3055; x_wconf 87' lang='lat' dir='ltr'><strong>patebit</strong></span> 
     </span>
     <span class='ocr_line' id='line_1_25' title="bbox 210 3069 1122 3169; baseline -0.002 -23"><span class='ocrx_word' id='word_1_149' title='bbox 210 3069 425 3146; x_wconf 85' lang='lat' dir='ltr'><strong>Ocelorum?</strong></span> <span class='ocrx_word' id='word_1_150' title='bbox 444 3070 594 3168; x_wconf 85' lang='lat' dir='ltr'><strong>Semper</strong></span> <span class='ocrx_word' id='word_1_151' title='bbox 610 3070 729 3146; x_wconf 92' lang='lat' dir='ltr'><strong>dubiis</strong></span> <span class='ocrx_word' id='word_1_152' title='bbox 746 3083 958 3169; x_wconf 88' lang='lat' dir='ltr'><strong>torquemur</strong></span> <span class='ocrx_word' id='word_1_153' title='bbox 976 3071 1122 3161; x_wconf 89' lang='lat' dir='ltr'><strong>acerbis,</strong></span> 
     </span>
     <span class='ocr_line' id='line_1_26' title="bbox 209 3185 1209 3285; baseline -0.001 -23"><span class='ocrx_word' id='word_1_154' title='bbox 209 3185 303 3284; x_wconf 83' lang='lat' dir='ltr'><strong>Spes</strong></span> <span class='ocrx_word' id='word_1_155' title='bbox 321 3212 457 3284; x_wconf 88' lang='lat' dir='ltr'><strong>anceps</strong></span> <span class='ocrx_word' id='word_1_156' title='bbox 474 3185 671 3280; x_wconf 86' lang='lat' dir='ltr'><strong>hominum,</strong></span> <span class='ocrx_word' id='word_1_157' title='bbox 692 3188 753 3262; x_wconf 90' lang='lat' dir='ltr'><strong>sed</strong></span> <span class='ocrx_word' id='word_1_158' title='bbox 772 3213 873 3285; x_wconf 86' lang='lat' dir='ltr'><strong>spem</strong></span> <span class='ocrx_word' id='word_1_159' title='bbox 893 3186 1083 3262; x_wconf 86' lang='lat' dir='ltr'><strong>formidine</strong></span> <span class='ocrx_word' id='word_1_160' title='bbox 1103 3185 1209 3285; x_wconf 91' lang='lat' dir='ltr'><strong>pulsa</strong></span> 
     </span>
     <span class='ocr_line' id='line_1_27' title="bbox 209 3300 1056 3401; baseline 0.002 -25"><span class='ocrx_word' id='word_1_161' title='bbox 209 3300 320 3376; x_wconf 86' lang='lat' dir='ltr'><strong>Vitae</strong></span> <span class='ocrx_word' id='word_1_162' title='bbox 338 3301 489 3377; x_wconf 88' lang='lat' dir='ltr'><strong>servabo</strong></span> <span class='ocrx_word' id='word_1_163' title='bbox 507 3302 691 3399; x_wconf 84' lang='lat' dir='ltr'><strong>comitem3</strong></span> <span class='ocrx_word' id='word_1_164' title='bbox 710 3302 771 3401; x_wconf 92' lang='lat' dir='ltr'><strong>qui</strong></span> <span class='ocrx_word' id='word_1_165' title='bbox 790 3302 909 3378; x_wconf 86' lang='lat' dir='ltr'><strong>fervet</strong></span> <span class='ocrx_word' id='word_1_166' title='bbox 926 3329 1056 3396; x_wconf 86' lang='lat' dir='ltr'><strong>amore,</strong></span> 
     </span>
    </p>

    <p class='ocr_par' dir='ltr' id='par_1_9' title="bbox 210 3415 1009 3514">
     <span class='ocr_line' id='line_1_28' title="bbox 210 3415 1009 3514; baseline -0.001 -22"><span class='ocrx_word' id='word_1_167' title='bbox 210 3415 248 3492; x_wconf 88' lang='lat' dir='ltr'>N</span> <span class='ocrx_word' id='word_1_168' title='bbox 250 3443 295 3491; x_wconf 93' lang='lat' dir='ltr'><strong>on</strong></span> <span class='ocrx_word' id='word_1_169' title='bbox 312 3417 417 3514; x_wconf 85' lang='lat' dir='ltr'><strong>timet</strong></span> <span class='ocrx_word' id='word_1_170' title='bbox 433 3416 515 3492; x_wconf 89' lang='lat' dir='ltr'><strong>irati</strong></span> <span class='ocrx_word' id='word_1_171' title='bbox 532 3416 723 3514; x_wconf 88' lang='lat' dir='ltr'><strong>flagrantia</strong></span> <span class='ocrx_word' id='word_1_172' title='bbox 739 3416 892 3493; x_wconf 88' lang='lat' dir='ltr'><strong>fulmina</strong></span> <span class='ocrx_word' id='word_1_173' title='bbox 908 3417 1009 3492; x_wconf 88' lang='lat' dir='ltr'><strong>coeli.</strong></span> 
     </span>
    </p>

    <p class='ocr_par' dir='ltr' id='par_1_10' title="bbox 211 3531 1478 3977">
     <span class='ocr_line' id='line_1_29' title="bbox 309 3531 1478 3634; baseline 0.008 -29"><span class='ocrx_word' id='word_1_174' title='bbox 309 3531 392 3620; x_wconf 80' lang='lat' dir='ltr'>(A.)</span> <span class='ocrx_word' id='word_1_175' title='bbox 410 3531 569 3631; x_wconf 82' lang='lat' dir='ltr'><strong>Corpore</strong></span> <span class='ocrx_word' id='word_1_176' title='bbox 592 3543 736 3607; x_wconf 90' lang='lat' dir='ltr'><strong>constat</strong></span> <span class='ocrx_word' id='word_1_177' title='bbox 758 3531 875 3624; x_wconf 92' lang='lat' dir='ltr'><strong>homo,</strong></span> <span class='ocrx_word' id='word_1_178' title='bbox 897 3533 956 3607; x_wconf 92' lang='lat' dir='ltr'><strong>cui</strong></span> <span class='ocrx_word' id='word_1_179' title='bbox 975 3533 1119 3610; x_wconf 87' lang='lat' dir='ltr'><strong>foedere</strong></span> <span class='ocrx_word' id='word_1_180' title='bbox 1138 3535 1286 3634; x_wconf 86' lang='lat' dir='ltr'><strong>spiritus</strong></span> <span class='ocrx_word' id='word_1_181' title='bbox 1304 3537 1378 3614; x_wconf 89' lang='lat' dir='ltr'><strong>icto</strong></span> <span class='ocrx_word' id='word_1_182' title='bbox 1477 3533 1478 3550; x_wconf 51' lang='lat'>¹</span> 
     </span>
     <span class='ocr_line' id='line_1_30' title="bbox 211 3645 1181 3743; baseline 0.005 -22"><span class='ocrx_word' id='word_1_183' title='bbox 211 3645 236 3721; x_wconf 84' lang='lat' dir='ltr'>J</span> <span class='ocrx_word' id='word_1_184' title='bbox 239 3645 397 3742; x_wconf 90' lang='lat' dir='ltr'><strong>ungitur,</strong></span> <span class='ocrx_word' id='word_1_185' title='bbox 417 3657 473 3722; x_wconf 87' lang='lat' dir='ltr'><strong>est</strong></span> <span class='ocrx_word' id='word_1_186' title='bbox 490 3673 575 3722; x_wconf 91' lang='lat' dir='ltr'><strong>vero</strong></span> <span class='ocrx_word' id='word_1_187' title='bbox 593 3647 715 3722; x_wconf 90' lang='lat' dir='ltr'><strong>brevis</strong></span> <span class='ocrx_word' id='word_1_188' title='bbox 733 3647 823 3722; x_wconf 91' lang='lat' dir='ltr'><strong>haec</strong></span> <span class='ocrx_word' id='word_1_189' title='bbox 844 3648 1047 3743; x_wconf 83' lang='lat' dir='ltr'><strong>concordia,</strong></span> <span class='ocrx_word' id='word_1_190' title='bbox 1067 3662 1181 3728; x_wconf 88' lang='lat' dir='ltr'><strong>morte</strong></span> 
     </span>
     <span class='ocr_line' id='line_1_31' title="bbox 212 3761 1231 3864; baseline 0.003 -26"><span class='ocrx_word' id='word_1_191' title='bbox 212 3761 376 3838; x_wconf 82' lang='lat' dir='ltr'><strong>Solvitur</strong></span> <span class='ocrx_word' id='word_1_192' title='bbox 394 3761 430 3834; x_wconf 93' lang='lat' dir='ltr'><strong>in</strong></span> <span class='ocrx_word' id='word_1_193' title='bbox 448 3771 571 3859; x_wconf 89' lang='lat' dir='ltr'><strong>partes</strong></span> <span class='ocrx_word' id='word_1_194' title='bbox 588 3762 705 3856; x_wconf 84' lang='lat' dir='ltr'><strong>homo,</strong></span> <span class='ocrx_word' id='word_1_195' title='bbox 724 3762 869 3861; x_wconf 90' lang='lat' dir='ltr'><strong>torpida</strong></span> <span class='ocrx_word' id='word_1_196' title='bbox 886 3764 1048 3840; x_wconf 86' lang='lat' dir='ltr'><strong>membra</strong></span> <span class='ocrx_word' id='word_1_197' title='bbox 1066 3766 1231 3864; x_wconf 91' lang='lat' dir='ltr'><strong>sepulcro</strong></span> 
     </span>
     <span class='ocr_line' id='line_1_32' title="bbox 212 3875 1104 3977; baseline 0.004 -25"><span class='ocrx_word' id='word_1_198' title='bbox 212 3875 428 3952; x_wconf 83' lang='lat' dir='ltr'><strong>Conduntur</strong></span> <span class='ocrx_word' id='word_1_199' title='bbox 444 3876 570 3952; x_wconf 92' lang='lat' dir='ltr'><strong>multis</strong></span> <span class='ocrx_word' id='word_1_200' title='bbox 587 3877 795 3974; x_wconf 89' lang='lat' dir='ltr'><strong>gratissima</strong></span> <span class='ocrx_word' id='word_1_201' title='bbox 812 3880 995 3954; x_wconf 83' lang='lat' dir='ltr'><strong>vermibus</strong></span> <span class='ocrx_word' id='word_1_202' title='bbox 1013 3907 1104 3977; x_wconf 78' lang='lat' dir='ltr'><strong>esca,</strong></span> 
     </span>
    </p>

    <p class='ocr_par' dir='ltr' id='par_1_11' title="bbox 207 3992 1168 4321">
     <span class='ocr_line' id='line_1_33' title="bbox 211 3992 1161 4091; baseline 0.006 -25"><span class='ocrx_word' id='word_1_203' title='bbox 211 3992 263 4068; x_wconf 87' lang='lat' dir='ltr'><strong>Et</strong></span> <span class='ocrx_word' id='word_1_204' title='bbox 280 4003 469 4068; x_wconf 88' lang='lat' dir='ltr'><strong>remanent</strong></span> <span class='ocrx_word' id='word_1_205' title='bbox 488 3992 626 4068; x_wconf 88' lang='lat' dir='ltr'><strong>cineres</strong></span> <span class='ocrx_word' id='word_1_206' title='bbox 644 3993 864 4091; x_wconf 86' lang='lat' dir='ltr'><strong>viduataque</strong></span> <span class='ocrx_word' id='word_1_207' title='bbox 882 3995 1051 4072; x_wconf 89' lang='lat' dir='ltr'><strong>carnibus</strong></span> <span class='ocrx_word' id='word_1_208' title='bbox 1070 4024 1161 4072; x_wconf 88' lang='lat' dir='ltr'><strong>ossa.</strong></span> 
     </span>
     <span class='ocr_line' id='line_1_34' title="bbox 210 4107 1168 4208; baseline 0.006 -27"><span class='ocrx_word' id='word_1_209' title='bbox 210 4107 296 4181; x_wconf 87' lang='lat' dir='ltr'><strong>Non</strong></span> <span class='ocrx_word' id='word_1_210' title='bbox 316 4107 510 4182; x_wconf 90' lang='lat' dir='ltr'><strong>moriturus</strong></span> <span class='ocrx_word' id='word_1_211' title='bbox 530 4107 637 4183; x_wconf 90' lang='lat' dir='ltr'><strong>homo</strong></span> <span class='ocrx_word' id='word_1_212' title='bbox 654 4109 816 4203; x_wconf 83' lang='lat' dir='ltr'><strong>moritur,</strong></span> <span class='ocrx_word' id='word_1_213' title='bbox 839 4110 923 4208; x_wconf 89' lang='lat' dir='ltr'><strong>quia</strong></span> <span class='ocrx_word' id='word_1_214' title='bbox 940 4110 1035 4185; x_wconf 92' lang='lat' dir='ltr'><strong>filius</strong></span> <span class='ocrx_word' id='word_1_215' title='bbox 1055 4113 1168 4205; x_wconf 79' lang='lat' dir='ltr'><strong>Adae,</strong></span> 
     </span>
     <span class='ocr_line' id='line_1_35' title="bbox 207 4221 1103 4321; baseline 0.007 -25"><span class='ocrx_word' id='word_1_216' title='bbox 207 4221 284 4315; x_wconf 79' lang='lat' dir='ltr'><strong>Qui</strong></span> <span class='ocrx_word' id='word_1_217' title='bbox 303 4221 458 4320; x_wconf 89' lang='lat' dir='ltr'><strong>primam</strong></span> <span class='ocrx_word' id='word_1_218' title='bbox 477 4221 610 4298; x_wconf 91' lang='lat' dir='ltr'><strong>stultus</strong></span> <span class='ocrx_word' id='word_1_219' title='bbox 628 4223 747 4321; x_wconf 89' lang='lat' dir='ltr'><strong>legem</strong></span> <span class='ocrx_word' id='word_1_220' title='bbox 764 4224 917 4300; x_wconf 90' lang='lat' dir='ltr'><strong>violavit</strong></span> <span class='ocrx_word' id='word_1_221' title='bbox 934 4226 970 4299; x_wconf 89' lang='lat' dir='ltr'><strong>iu</strong></span> <span class='ocrx_word' id='word_1_222' title='bbox 988 4225 1103 4302; x_wconf 89' lang='lat' dir='ltr'><strong>horto.</strong></span> 
     </span>
    </p>
   </div>
   <div class='ocr_carea' id='block_1_3' title="bbox 0 0 1509 4738">
    <p class='ocr_par' dir='ltr' id='par_1_12' title="bbox 0 0 1509 4738">
     <span class='ocr_line' id='line_1_36' title="bbox 0 0 1509 4738; baseline 0 0"><span class='ocrx_word' id='word_1_223' title='bbox 0 0 1509 4738; x_wconf 95' lang='lat' dir='ltr'><strong> </strong></span> 
     </span>
    </p>
   </div>
  </div>
 </body>
</html>
