<?xml version="1.0" encoding="UTF-8"?>
<!DOCTYPE html PUBLIC "-//W3C//DTD XHTML 1.0 Transitional//EN"
    "http://www.w3.org/TR/xhtml1/DTD/xhtml1-transitional.dtd">
<html xmlns="http://www.w3.org/1999/xhtml" xml:lang="en" lang="en">
 <head>
  <title>
</title>
<meta http-equiv="Content-Type" content="text/html;charset=utf-8" />
  <meta name='ocr-system' content='tesseract 3.04.00' />
  <meta name='ocr-capabilities' content='ocr_page ocr_carea ocr_par ocr_line ocrx_word'/>
</head>
<body>
  <div class='ocr_page' id='page_1' title='image "./carminumlibrioc00schngoog_0265.png"; bbox 0 0 3030 4734; ppageno 0'>
   <div class='ocr_carea' id='block_1_1' title="bbox 729 223 942 278">
    <p class='ocr_par' dir='ltr' id='par_1_1' title="bbox 729 223 942 278">
     <span class='ocr_line' id='line_1_1' title="bbox 729 223 942 278; baseline -0.009 0"><span class='ocrx_word' id='word_1_1' title='bbox 729 223 942 278; x_wconf 85' lang='lat' dir='ltr'>CARMINUM</span> 
     </span>
    </p>
   </div>
   <div class='ocr_carea' id='block_1_2' title="bbox 465 410 1203 854">
    <p class='ocr_par' dir='ltr' id='par_1_2' title="bbox 467 410 1122 504">
     <span class='ocr_line' id='line_1_2' title="bbox 467 410 1122 504; baseline -0.008 -18"><span class='ocrx_word' id='word_1_2' title='bbox 467 410 539 486; x_wconf 80' lang='lat' dir='ltr'>Sed</span> <span class='ocrx_word' id='word_1_3' title='bbox 558 410 648 484; x_wconf 85' lang='lat' dir='ltr'>Fide</span> <span class='ocrx_word' id='word_1_4' title='bbox 667 422 820 485; x_wconf 88' lang='lat' dir='ltr'>cunctae</span> <span class='ocrx_word' id='word_1_5' title='bbox 840 410 1023 485; x_wconf 89' lang='lat' dir='ltr'>sociantur</span> <span class='ocrx_word' id='word_1_6' title='bbox 1040 436 1122 504; x_wconf 89' lang='lat' dir='ltr'>una,</span> 
     </span>
    </p>

    <p class='ocr_par' dir='ltr' id='par_1_3' title="bbox 465 525 1035 623">
     <span class='ocr_line' id='line_1_3' title="bbox 465 525 1035 623; baseline -0.007 -21"><span class='ocrx_word' id='word_1_7' title='bbox 465 527 551 602; x_wconf 89' lang='lat' dir='ltr'>Una</span> <span class='ocrx_word' id='word_1_8' title='bbox 569 527 661 623; x_wconf 81' lang='lat' dir='ltr'>Spes</span> <span class='ocrx_word' id='word_1_9' title='bbox 679 525 750 600; x_wconf 87' lang='lat' dir='ltr'>illis</span> <span class='ocrx_word' id='word_1_10' title='bbox 767 526 925 600; x_wconf 91' lang='lat' dir='ltr'>melioris</span> <span class='ocrx_word' id='word_1_11' title='bbox 944 525 1035 621; x_wconf 88' lang='lat' dir='ltr'>aevi,</span> 
     </span>
    </p>

    <p class='ocr_par' dir='ltr' id='par_1_4' title="bbox 465 641 1203 854">
     <span class='ocr_line' id='line_1_4' title="bbox 465 641 1102 740; baseline -0.003 -24"><span class='ocrx_word' id='word_1_12' title='bbox 465 642 647 739; x_wconf 83' lang='lat' dir='ltr'>Impigrae</span> <span class='ocrx_word' id='word_1_13' title='bbox 665 668 806 740; x_wconf 82' lang='lat' dir='ltr'>semper</span> <span class='ocrx_word' id='word_1_14' title='bbox 823 642 961 739; x_wconf 78' lang='lat' dir='ltr'>patriae</span> <span class='ocrx_word' id='word_1_15' title='bbox 980 641 1102 716; x_wconf 87' lang='lat' dir='ltr'>suavis</span> 
     </span>
     <span class='ocr_line' id='line_1_5' title="bbox 854 756 1203 854; baseline -0.003 -23"><span class='ocrx_word' id='word_1_16' title='bbox 854 756 998 831; x_wconf 86' lang='lat' dir='ltr'>Limina</span> <span class='ocrx_word' id='word_1_17' title='bbox 1016 768 1203 854; x_wconf 88' lang='lat' dir='ltr'>quaerunt.</span> 
     </span>
    </p>
   </div>
   <div class='ocr_carea' id='block_1_3' title="bbox 465 989 1150 1412">
    <p class='ocr_par' dir='ltr' id='par_1_5' title="bbox 465 989 1140 1087">
     <span class='ocr_line' id='line_1_6' title="bbox 465 989 1140 1087; baseline 0.001 -25"><span class='ocrx_word' id='word_1_18' title='bbox 465 989 596 1064; x_wconf 81' lang='lat' dir='ltr'>Arbori</span> <span class='ocrx_word' id='word_1_19' title='bbox 615 990 746 1064; x_wconf 82' lang='lat' dir='ltr'>densae</span> <span class='ocrx_word' id='word_1_20' title='bbox 765 990 968 1087; x_wconf 88' lang='lat' dir='ltr'>viridesque</span> <span class='ocrx_word' id='word_1_21' title='bbox 987 990 1140 1080; x_wconf 84' lang='lat' dir='ltr'>frondes,</span> 
     </span>
    </p>

    <p class='ocr_par' dir='ltr' id='par_1_6' title="bbox 466 1104 1077 1202">
     <span class='ocr_line' id='line_1_7' title="bbox 466 1104 1077 1202; baseline 0.002 -24"><span class='ocrx_word' id='word_1_22' title='bbox 466 1105 517 1179; x_wconf 85' lang='lat' dir='ltr'>Et</span> <span class='ocrx_word' id='word_1_23' title='bbox 534 1105 634 1179; x_wconf 91' lang='lat' dir='ltr'>velut</span> <span class='ocrx_word' id='word_1_24' title='bbox 652 1116 747 1180; x_wconf 91' lang='lat' dir='ltr'>serto</span> <span class='ocrx_word' id='word_1_25' title='bbox 764 1105 931 1179; x_wconf 87' lang='lat' dir='ltr'>redimita</span> <span class='ocrx_word' id='word_1_26' title='bbox 948 1104 1077 1202; x_wconf 84' lang='lat' dir='ltr'>fulget:</span> 
     </span>
    </p>

    <p class='ocr_par' dir='ltr' id='par_1_7' title="bbox 467 1220 1150 1412">
     <span class='ocr_line' id='line_1_8' title="bbox 467 1220 1079 1317; baseline 0.002 -23"><span class='ocrx_word' id='word_1_27' title='bbox 467 1221 594 1296; x_wconf 86' lang='lat' dir='ltr'>Enitet</span> <span class='ocrx_word' id='word_1_28' title='bbox 611 1222 735 1314; x_wconf 89' lang='lat' dir='ltr'>virtus,</span> <span class='ocrx_word' id='word_1_29' title='bbox 757 1220 865 1296; x_wconf 90' lang='lat' dir='ltr'>decus</span> <span class='ocrx_word' id='word_1_30' title='bbox 883 1232 937 1296; x_wconf 89' lang='lat' dir='ltr'>est</span> <span class='ocrx_word' id='word_1_31' title='bbox 956 1222 1079 1317; x_wconf 88' lang='lat' dir='ltr'>amori,</span> 
     </span>
     <span class='ocr_line' id='line_1_9' title="bbox 855 1336 1150 1412; baseline 0.007 -3"><span class='ocrx_word' id='word_1_32' title='bbox 855 1336 949 1411; x_wconf 86' lang='lat' dir='ltr'>Mira</span> <span class='ocrx_word' id='word_1_33' title='bbox 967 1346 1150 1412; x_wconf 86' lang='lat' dir='ltr'>venustas.</span> 
     </span>
    </p>
   </div>
   <div class='ocr_carea' id='block_1_4' title="bbox 410 1566 1250 1989">
    <p class='ocr_par' dir='ltr' id='par_1_8' title="bbox 410 1566 1250 1666">
     <span class='ocr_line' id='line_1_10' title="bbox 410 1566 1250 1666; baseline 0.002 -25"><span class='ocrx_word' id='word_1_34' title='bbox 410 1615 415 1624; x_wconf 86' lang='lat'><strong>.</strong></span> <span class='ocrx_word' id='word_1_35' title='bbox 467 1568 580 1642; x_wconf 86' lang='lat' dir='ltr'>Poma</span> <span class='ocrx_word' id='word_1_36' title='bbox 596 1568 822 1665; x_wconf 78' lang='lat' dir='ltr'>praebentur,</span> <span class='ocrx_word' id='word_1_37' title='bbox 843 1566 1082 1666; x_wconf 87' lang='lat' dir='ltr'>volucresque</span> <span class='ocrx_word' id='word_1_38' title='bbox 1101 1578 1250 1643; x_wconf 85' lang='lat' dir='ltr'>cantant</span> 
     </span>
    </p>

    <p class='ocr_par' dir='ltr' id='par_1_9' title="bbox 466 1682 1205 1780">
     <span class='ocr_line' id='line_1_11' title="bbox 466 1682 1205 1780; baseline 0.003 -25"><span class='ocrx_word' id='word_1_39' title='bbox 466 1682 516 1756; x_wconf 86' lang='lat' dir='ltr'>Et</span> <span class='ocrx_word' id='word_1_40' title='bbox 533 1693 661 1779; x_wconf 88' lang='lat' dir='ltr'>parant</span> <span class='ocrx_word' id='word_1_41' title='bbox 678 1683 793 1779; x_wconf 89' lang='lat' dir='ltr'>nidos,</span> <span class='ocrx_word' id='word_1_42' title='bbox 812 1683 1023 1780; x_wconf 86' lang='lat' dir='ltr'>peregrinus</span> <span class='ocrx_word' id='word_1_43' title='bbox 1041 1683 1205 1757; x_wconf 87' lang='lat' dir='ltr'>umbram</span> 
     </span>
    </p>

    <p class='ocr_par' dir='ltr' id='par_1_10' title="bbox 468 1797 1159 1989">
     <span class='ocr_line' id='line_1_12' title="bbox 468 1797 1159 1896; baseline 0 -23"><span class='ocrx_word' id='word_1_44' title='bbox 468 1797 603 1895; x_wconf 86' lang='lat' dir='ltr'>Oaptat</span> <span class='ocrx_word' id='word_1_45' title='bbox 619 1809 655 1872; x_wconf 92' lang='lat' dir='ltr'>et</span> <span class='ocrx_word' id='word_1_46' title='bbox 672 1797 795 1895; x_wconf 83' lang='lat' dir='ltr'>frigus,</span> <span class='ocrx_word' id='word_1_47' title='bbox 816 1797 1015 1896; x_wconf 74' lang='lat' dir='ltr'>fruiturque</span> <span class='ocrx_word' id='word_1_48' title='bbox 1035 1824 1159 1873; x_wconf 89' lang='lat' dir='ltr'>somno</span> 
     </span>
     <span class='ocr_line' id='line_1_13' title="bbox 857 1914 1140 1989; baseline 0.004 -1"><span class='ocrx_word' id='word_1_49' title='bbox 857 1914 993 1988; x_wconf 77' lang='lat' dir='ltr'>Lassus</span> <span class='ocrx_word' id='word_1_50' title='bbox 1012 1914 1140 1989; x_wconf 83' lang='lat' dir='ltr'>eunde.</span> 
     </span>
    </p>
   </div>
   <div class='ocr_carea' id='block_1_5' title="bbox 468 2141 1179 2355">
    <p class='ocr_par' dir='ltr' id='par_1_11' title="bbox 468 2141 1179 2355">
     <span class='ocr_line' id='line_1_14' title="bbox 468 2141 1179 2251; baseline 0 -34"><span class='ocrx_word' id='word_1_51' title='bbox 468 2141 591 2217; x_wconf 90' lang='lat' dir='ltr'>Verbo</span> <span class='ocrx_word' id='word_1_52' title='bbox 609 2154 646 2217; x_wconf 91' lang='lat' dir='ltr'>et</span> <span class='ocrx_word' id='word_1_53' title='bbox 663 2142 839 2240; x_wconf 85' lang='lat' dir='ltr'>exemplo,</span> <span class='ocrx_word' id='word_1_54' title='bbox 859 2143 1037 2251; x_wconf 79' lang='lat' dir='ltr'>precibus,</span> <span class='ocrx_word' id='word_1_55' title='bbox 1059 2142 1179 2218; x_wconf 91' lang='lat' dir='ltr'>dolore</span> 
     </span>
     <span class='ocr_line' id='line_1_15' title="bbox 470 2257 1088 2355; baseline -0.003 -22"><span class='ocrx_word' id='word_1_56' title='bbox 470 2257 612 2333; x_wconf 79' lang='lat' dir='ltr'>Caritas</span> <span class='ocrx_word' id='word_1_57' title='bbox 629 2258 785 2355; x_wconf 85' lang='lat' dir='ltr'>prodest,</span> <span class='ocrx_word' id='word_1_58' title='bbox 804 2258 966 2334; x_wconf 87' lang='lat' dir='ltr'>radiante</span> <span class='ocrx_word' id='word_1_59' title='bbox 985 2258 1088 2332; x_wconf 90' lang='lat' dir='ltr'>vultu</span> 
     </span>
    </p>
   </div>
   <div class='ocr_carea' id='block_1_6' title="bbox 468 2372 1173 2565">
    <p class='ocr_par' dir='ltr' id='par_1_12' title="bbox 468 2372 1173 2565">
     <span class='ocr_line' id='line_1_16' title="bbox 468 2372 1047 2472; baseline 0.002 -25"><span class='ocrx_word' id='word_1_60' title='bbox 468 2372 597 2449; x_wconf 79' lang='lat' dir='ltr'>Allicit</span> <span class='ocrx_word' id='word_1_61' title='bbox 615 2400 756 2471; x_wconf 65' lang='lat' dir='ltr'>segnes</span> <span class='ocrx_word' id='word_1_62' title='bbox 775 2374 943 2472; x_wconf 86' lang='lat' dir='ltr'>graviora</span> <span class='ocrx_word' id='word_1_63' title='bbox 960 2400 1047 2448; x_wconf 88' lang='lat' dir='ltr'>saxo</span> 
     </span>
     <span class='ocr_line' id='line_1_17' title="bbox 858 2489 1173 2565; baseline 0.003 -3"><span class='ocrx_word' id='word_1_64' title='bbox 858 2490 1013 2565; x_wconf 86' lang='lat' dir='ltr'>Pectora</span> <span class='ocrx_word' id='word_1_65' title='bbox 1031 2489 1173 2565; x_wconf 89' lang='lat' dir='ltr'>scindit.</span> 
     </span>
    </p>
   </div>
   <div class='ocr_carea' id='block_1_7' title="bbox 471 2717 1190 3161">
    <p class='ocr_par' dir='ltr' id='par_1_13' title="bbox 471 2717 1107 2816">
     <span class='ocr_line' id='line_1_18' title="bbox 471 2717 1107 2816; baseline 0 -24"><span class='ocrx_word' id='word_1_66' title='bbox 471 2717 655 2793; x_wconf 84' lang='lat' dir='ltr'>Occidunt</span> <span class='ocrx_word' id='word_1_67' title='bbox 671 2718 826 2816; x_wconf 80' lang='lat' dir='ltr'>frondeo,</span> <span class='ocrx_word' id='word_1_68' title='bbox 845 2717 1007 2793; x_wconf 83' lang='lat' dir='ltr'>volucres</span> <span class='ocrx_word' id='word_1_69' title='bbox 1025 2719 1107 2812; x_wconf 70' lang='lat' dir='ltr'>iere,</span> 
     </span>
    </p>

    <p class='ocr_par' dir='ltr' id='par_1_14' title="bbox 471 2831 1190 2932">
     <span class='ocr_line' id='line_1_19' title="bbox 471 2831 1190 2932; baseline 0.003 -26"><span class='ocrx_word' id='word_1_70' title='bbox 471 2831 565 2921; x_wconf 82' lang='lat' dir='ltr'>Quid</span> <span class='ocrx_word' id='word_1_71' title='bbox 582 2833 646 2908; x_wconf 92' lang='lat' dir='ltr'>tibi</span> <span class='ocrx_word' id='word_1_72' title='bbox 665 2843 804 2932; x_wconf 88' lang='lat' dir='ltr'>prostat</span> <span class='ocrx_word' id='word_1_73' title='bbox 820 2833 890 2908; x_wconf 88' lang='lat' dir='ltr'>nisi</span> <span class='ocrx_word' id='word_1_74' title='bbox 906 2834 1010 2908; x_wconf 89' lang='lat' dir='ltr'>triste</span> <span class='ocrx_word' id='word_1_75' title='bbox 1027 2833 1190 2930; x_wconf 84' lang='lat' dir='ltr'>lignum?</span> 
     </span>
    </p>

    <p class='ocr_par' dir='ltr' id='par_1_15' title="bbox 471 2948 1168 3161">
     <span class='ocr_line' id='line_1_20' title="bbox 471 2948 1168 3046; baseline -0.001 -23"><span class='ocrx_word' id='word_1_76' title='bbox 471 2948 613 3023; x_wconf 79' lang='lat' dir='ltr'>Caritas</span> <span class='ocrx_word' id='word_1_77' title='bbox 632 2973 774 3046; x_wconf 88' lang='lat' dir='ltr'>semper</span> <span class='ocrx_word' id='word_1_78' title='bbox 792 2949 885 3023; x_wconf 88' lang='lat' dir='ltr'>viret</span> <span class='ocrx_word' id='word_1_79' title='bbox 903 2959 1012 3046; x_wconf 87' lang='lat' dir='ltr'>atque</span> <span class='ocrx_word' id='word_1_80' title='bbox 1029 2948 1168 3022; x_wconf 81' lang='lat' dir='ltr'>fructus</span> 
     </span>
     <span class='ocr_line' id='line_1_21' title="bbox 860 3063 1165 3161; baseline 0.003 -24"><span class='ocrx_word' id='word_1_81' title='bbox 860 3063 998 3138; x_wconf 90' lang='lat' dir='ltr'>Promit</span> <span class='ocrx_word' id='word_1_82' title='bbox 1015 3064 1165 3161; x_wconf 87' lang='lat' dir='ltr'>opimos.</span> 
     </span>
    </p>
   </div>
   <div class='ocr_carea' id='block_1_8' title="bbox 470 3294 1178 3733">
    <p class='ocr_par' dir='ltr' id='par_1_16' title="bbox 470 3294 1169 3392">
     <span class='ocr_line' id='line_1_22' title="bbox 470 3294 1169 3392; baseline 0 -24"><span class='ocrx_word' id='word_1_83' title='bbox 470 3296 647 3370; x_wconf 82' lang='lat' dir='ltr'>Arborem</span> <span class='ocrx_word' id='word_1_84' title='bbox 665 3305 831 3370; x_wconf 87' lang='lat' dir='ltr'>sternunt</span> <span class='ocrx_word' id='word_1_85' title='bbox 848 3294 972 3388; x_wconf 89' lang='lat' dir='ltr'>caries,</span> <span class='ocrx_word' id='word_1_86' title='bbox 993 3295 1169 3392; x_wconf 83' lang='lat' dir='ltr'>bipennis,</span> 
     </span>
    </p>

    <p class='ocr_par' dir='ltr' id='par_1_17' title="bbox 471 3410 1120 3508">
     <span class='ocr_line' id='line_1_23' title="bbox 471 3410 1120 3508; baseline 0.002 -23"><span class='ocrx_word' id='word_1_87' title='bbox 471 3410 619 3508; x_wconf 85' lang='lat' dir='ltr'>Fulgur,</span> <span class='ocrx_word' id='word_1_88' title='bbox 639 3421 676 3484; x_wconf 88' lang='lat' dir='ltr'>et</span> <span class='ocrx_word' id='word_1_89' title='bbox 692 3410 792 3485; x_wconf 89' lang='lat' dir='ltr'>nulla</span> <span class='ocrx_word' id='word_1_90' title='bbox 808 3410 1013 3485; x_wconf 89' lang='lat' dir='ltr'>revocanda</span> <span class='ocrx_word' id='word_1_91' title='bbox 1030 3437 1120 3486; x_wconf 86' lang='lat' dir='ltr'>voce</span> 
     </span>
    </p>

    <p class='ocr_par' dir='ltr' id='par_1_18' title="bbox 471 3525 1178 3733">
     <span class='ocr_line' id='line_1_24' title="bbox 471 3525 1135 3618; baseline -0.002 -17"><span class='ocrx_word' id='word_1_92' title='bbox 471 3526 646 3601; x_wconf 80' lang='lat' dir='ltr'>Caeditur</span> <span class='ocrx_word' id='word_1_93' title='bbox 663 3525 764 3618; x_wconf 86' lang='lat' dir='ltr'>ferro,</span> <span class='ocrx_word' id='word_1_94' title='bbox 786 3535 890 3600; x_wconf 88' lang='lat' dir='ltr'>vorat</span> <span class='ocrx_word' id='word_1_95' title='bbox 907 3551 979 3600; x_wconf 89' lang='lat' dir='ltr'>una</span> <span class='ocrx_word' id='word_1_96' title='bbox 998 3536 1135 3602; x_wconf 86' lang='lat' dir='ltr'>sectam</span> 
     </span>
     <span class='ocr_line' id='line_1_25' title="bbox 859 3641 1178 3733; baseline 0.003 -19"><span class='ocrx_word' id='word_1_97' title='bbox 859 3641 1009 3716; x_wconf 89' lang='lat' dir='ltr'>Torrida</span> <span class='ocrx_word' id='word_1_98' title='bbox 1024 3641 1178 3733; x_wconf 87' lang='lat' dir='ltr'>flamma,</span> 
     </span>
    </p>
   </div>
   <div class='ocr_carea' id='block_1_9' title="bbox 470 3872 1182 4293">
    <p class='ocr_par' dir='ltr' id='par_1_19' title="bbox 470 3872 1054 3970">
     <span class='ocr_line' id='line_1_26' title="bbox 470 3872 1054 3970; baseline 0.005 -25"><span class='ocrx_word' id='word_1_99' title='bbox 470 3872 520 3946; x_wconf 89' lang='lat' dir='ltr'>Ni</span> <span class='ocrx_word' id='word_1_100' title='bbox 538 3872 626 3947; x_wconf 83' lang='lat' dir='ltr'>velit</span> <span class='ocrx_word' id='word_1_101' title='bbox 643 3872 741 3970; x_wconf 84' lang='lat' dir='ltr'>ligno</span> <span class='ocrx_word' id='word_1_102' title='bbox 759 3873 859 3949; x_wconf 84' lang='lat' dir='ltr'>faber</span> <span class='ocrx_word' id='word_1_103' title='bbox 877 3901 969 3948; x_wconf 91' lang='lat' dir='ltr'>unus</span> <span class='ocrx_word' id='word_1_104' title='bbox 987 3872 1054 3948; x_wconf 92' lang='lat' dir='ltr'>uti:</span> 
     </span>
    </p>

    <p class='ocr_par' dir='ltr' id='par_1_20' title="bbox 471 3988 1133 4080">
     <span class='ocr_line' id='line_1_27' title="bbox 471 3988 1133 4080; baseline 0.005 -20"><span class='ocrx_word' id='word_1_105' title='bbox 471 3989 541 4062; x_wconf 83' lang='lat' dir='ltr'>Ast</span> <span class='ocrx_word' id='word_1_106' title='bbox 559 4014 659 4062; x_wconf 85' lang='lat' dir='ltr'>arnor</span> <span class='ocrx_word' id='word_1_107' title='bbox 675 3988 784 4063; x_wconf 92' lang='lat' dir='ltr'>nullis</span> <span class='ocrx_word' id='word_1_108' title='bbox 802 3990 1004 4064; x_wconf 86' lang='lat' dir='ltr'>terebratur</span> <span class='ocrx_word' id='word_1_109' title='bbox 1022 3989 1133 4080; x_wconf 79' lang='lat' dir='ltr'>annis,</span> 
     </span>
    </p>

    <p class='ocr_par' dir='ltr' id='par_1_21' title="bbox 471 4101 1182 4293">
     <span class='ocr_line' id='line_1_28' title="bbox 471 4101 1134 4200; baseline 0 -24"><span class='ocrx_word' id='word_1_110' title='bbox 471 4101 619 4178; x_wconf 89' lang='lat' dir='ltr'>Viribus</span> <span class='ocrx_word' id='word_1_111' title='bbox 636 4103 776 4197; x_wconf 85' lang='lat' dir='ltr'>erescit,</span> <span class='ocrx_word' id='word_1_112' title='bbox 796 4104 1003 4200; x_wconf 87' lang='lat' dir='ltr'>domitaque</span> <span class='ocrx_word' id='word_1_113' title='bbox 1020 4116 1134 4178; x_wconf 86' lang='lat' dir='ltr'>morte</span> 
     </span>
     <span class='ocr_line' id='line_1_29' title="bbox 861 4217 1182 4293; baseline -0.003 0"><span class='ocrx_word' id='word_1_114' title='bbox 861 4217 964 4293; x_wconf 87' lang='lat' dir='ltr'>Vivit</span> <span class='ocrx_word' id='word_1_115' title='bbox 980 4219 1018 4292; x_wconf 90' lang='lat' dir='ltr'>in</span> <span class='ocrx_word' id='word_1_116' title='bbox 1035 4219 1182 4293; x_wconf 82' lang='lat' dir='ltr'>aevum!</span> 
     </span>
    </p>
   </div>
   <div class='ocr_carea' id='block_1_10' title="bbox 0 0 1527 4734">
    <p class='ocr_par' dir='ltr' id='par_1_22' title="bbox 0 0 1527 4734">
     <span class='ocr_line' id='line_1_30' title="bbox 0 0 1527 4734; baseline 0 0"><span class='ocrx_word' id='word_1_117' title='bbox 0 0 1527 4734; x_wconf 95' lang='lat' dir='ltr'> </span> 
     </span>
    </p>
   </div>
  </div>
 </body>
</html>
