2962 4742
545 237 664 292 LIBER
691 237 882 295 SEPTIMUS
1241 231 1295 288 421

136 421 185 498 Et
201 424 308 499 finem
326 424 410 521 poni
429 423 588 498 violenta
604 434 718 499 morte
735 423 860 499 dolori.

234 539 304 637 (F.)
323 540 390 614 Est
408 539 576 638 precibus
595 540 799 637 quaerenda
814 541 914 634 fides,
934 541 1083 640 oleoque
1101 543 1251 618 lucerna
1351 583 1353 588 ·

137 654 175 729 Si
192 667 321 749 careat,
341 656 508 730 tenebras
525 682 596 731 non
614 653 717 753 pellit
735 654 869 731 lumine
888 657 1036 754 spissas3

137 769 175 846 Si
191 772 295 872 petis,
316 771 487 870 accipies,
507 771 545 845 ni
563 769 658 846 votis
675 778 826 845 munera
844 797 983 869 poscas,

134 885 285 985 Semper
305 913 439 985 egenus
457 886 560 960 eris...
579 884 749 960 convivia
768 885 940 983 praetulit
957 887 1028 962 aris

134 999 233 1076 Inter
251 1028 338 1100 opes
355 1001 544 1076 mendicus
562 1027 683 1097 opum.

230 1116 304 1202 (T.)
325 1116 512 1215 Sapientia
529 1114 621 1190 coeli
717 1119 720 1125 ’
785 1198 786 1202 ¹
978 1196 982 1203 ,

132 1233 367 1309 Addiscenda
383 1233 480 1307 diu...
500 1231 658 1306 didicere
674 1231 830 1308 fideliter
849 1242 945 1312 artes

133 1348 313 1448 Ingenuas
331 1348 450 1423 multi:
470 1347 696 1445 torpentibus
713 1348 841 1423 ultima
858 1348 976 1424 Thule

130 1464 241 1540 Alma
257 1464 383 1540 fides...
402 1465 532 1539 Victor
549 1479 665 1560 nugas
684 1464 877 1540 adamabat
895 1465 1019 1563 aniles,
1093 1475 1102 1540 “.

129 1576 209 1655 Nec
229 1580 369 1677 placuit
387 1580 488 1677 segni
507 1579 636 1654 studiis
653 1580 840 1656 intendere
859 1592 1027 1656 mentem.
1171 1581 1174 1586 ’

227 1696 298 1787 (O.)
317 1695 415 1770 Mors
432 1695 627 1770 metuenda
643 1695 712 1793 pic,
733 1722 816 1784 nam
829 1697 951 1793 justus
969 1696 1104 1772 lumine
1122 1697 1236 1772 vitam
1257 1725 1260 1729 ⁴
1327 1707 1329 1714 ’

128 1809 309 1910 Explorat
320 1811 450 1908 judex:
470 1810 610 1892 Victori
628 1810 727 1884 nulla
745 1811 873 1886 salutis

127 1927 236 2021 Oura,
256 1927 347 2002 mori
364 1926 479 2002 voluit
497 1927 682 2024 culparum
700 1924 793 2001 mole
811 1938 995 2023 gravatus.

127 2042 233 2118 Mens
252 2041 420 2141 perculsa
438 2052 593 2139 stupet...
612 2041 733 2116 miseri
752 2069 897 2140 sperare
915 2042 1069 2118 salutem

125 2157 237 2233 Forte
256 2169 368 2250 vetor,
388 2157 601 2255 gelidusque
619 2142 693 2232 coit
710 2157 898 2232 formidine
918 2159 1077 2257 sanguis.

227 2273 297 2372 (F.)
317 2273 486 2365 (lensent,
507 2298 615 2370 saepe
633 2272 739 2365 viroS,
759 2273 819 2370 qui
839 2299 876 2349 se
895 2273 1099 2349 crudelibus
1116 2275 1185 2373 ipsi

125 2387 347 2463 Interimunt
363 2387 539 2483 manibuS,
559 2415 646 2462 sana
663 2389 802 2463 ratione
820 2415 951 2464 carere.

226 2504 297 2601 (O.)
315 2505 425 2579 Forte
444 2514 578 2599 carent,
598 2503 779 2602 culpaque
797 2515 906 2579 vacat
923 2504 996 2579 fors
1018 2505 1126 2582 effera
1149 2507 1289 2602 caedes,

122 2621 176 2694 At
193 2620 312 2695 rabies
330 2622 456 2696 insana
473 2623 585 2712 (reor)
603 2619 793 2696 tribuenda
811 2620 1016 2718 frequenter

122 2735 358 2830 Criminibus
378 2747 651 2834 monstrumque
669 2738 796 2834 ingens
814 2736 903 2812 haec
920 2736 1029 2812 effera
1046 2739 1187 2814 caedes

224 2851 293 2949 (Τ.)
313 2851 350 2924 N
352 2878 392 2927 ec
412 2853 510 2948 satis,
530 2852 709 2928 accedunt
727 2864 872 2956 patrata
889 2853 1066 2950 prioribus
1084 2855 1187 2928 annis
1215 2853 1228 2876 ⁹

120 2966 295 3060 Crimina,
316 2995 407 3065 quae
425 2968 582 3043 nondum
601 2979 685 3043 sunt
703 2968 839 3044 Christi
858 2969 1033 3065 sanguine
1050 2979 1158 3044 tersa.

119 3083 183 3156 An
204 3081 334 3182 Sponsi
352 3111 497 3158 mensae
515 3083 656 3181 polluta
674 3085 888 3159 accumbere
906 3096 1004 3160 veste

118 3198 234 3274 Forte
252 3199 361 3274 licet?
378 3211 509 3293 metuo,
529 3225 575 3274 ne
592 3198 720 3275 Victor
737 3199 882 3298 iniquus
897 3199 1035 3274 Averni

119 3314 311 3390 Condatur
328 3315 495 3391 tenebris.

223 3431 297 3520 (O.)
315 3431 458 3507 Vellem
477 3458 628 3529 sperare,
649 3431 712 3506 sed
730 3431 823 3507 cheu

117 3545 217 3645 Spes
234 3574 317 3622 mea
334 3547 448 3622 fracta
459 3548 572 3645 jacet.
593 3547 743 3644 Semper
760 3547 919 3622 diffidere
936 3549 1070 3622 nostris
1202 3575 1216 3598 ³

116 3661 279 3758 Viribus,
301 3673 337 3738 et
355 3663 475 3738 cuncti
493 3690 558 3761 per
574 3673 630 3738 tot
648 3663 855 3738 discrimina
872 3689 990 3738 rerum

116 3776 281 3854 Ooelesti
300 3805 442 3876 semper
459 3773 638 3854 confidere
656 3779 764 3854 Patre
776 3779 958 3876 jubemur.

221 3891 290 3990 (F.)
311 3892 473 3968 Subderc
491 3892 587 3969 colla
604 3894 693 3989 Deo,
712 3894 807 3968 felici
826 3895 1040 3971 occumbere
1059 3895 1133 3972 leto
1150 3939 1199 3952 -

114 4008 194 4084 Hic
211 4007 311 4084 labor
329 4019 385 4083 est
401 4008 515 4082 vitae!
535 4008 760 4106 Conquirant
778 4021 924 4085 caetera
943 4011 1061 4086 stulti!

221 4123 290 4224 (Ο.)
312 4123 465 4223 Saepius
482 4133 538 4198 est
554 4123 680 4198 Victor
697 4123 860 4200 fraudem
877 4125 1083 4221 meditatus,
1103 4127 1227 4225 iniqua

113 4239 264 4317 Fraude
283 4267 348 4316 sua
364 4239 496 4333 nocuit,
515 4238 640 4314 multis
658 4237 861 4316 labentibus
880 4241 983 4318 annis

1093 4397 1128 4452 27
