2988 4730
568 237 686 292 LIBER
718 236 883 292 TERTIUS

299 426 491 502 Horrescit
507 426 658 524 glacies:
679 437 762 500 sunt
779 425 915 500 nemori
933 451 1074 523 comae;

299 544 427 618 Nubes
444 543 558 619 trudit
575 569 721 641 aquam:
741 542 795 617 sol
811 542 939 616 melius
956 543 1062 640 nitet3

299 660 449 735 Morbus
467 660 629 736 membra
650 659 781 757 quatit,
801 685 887 734 cara
904 658 1002 735 salus
1019 659 1148 735 redit...

398 777 522 852 Unum
540 775 717 873 flagitium
735 787 869 851 manet.

300 1002 422 1102 Spinis
440 1005 612 1080 continuo
633 1018 738 1104 septa
754 1006 860 1082 rubet
876 1033 966 1100 rosa,

300 1121 403 1211 Quae
421 1148 562 1218 semper
579 1122 724 1220 liquidis
741 1122 878 1220 fragrat
895 1122 1078 1221 odoribus,

300 1235 451 1312 Sclertis
467 1237 597 1312 medici
616 1237 811 1337 pharmaca
826 1265 897 1315 non
915 1239 1072 1337 placent,

396 1351 597 1450 Aegrotum
615 1354 778 1429 relevant
794 1355 907 1430 brevi.

298 1586 420 1676 Quum
438 1586 537 1684 spica
553 1589 693 1663 tumida
710 1589 838 1664 messis
856 1589 1044 1686 inhorruit,
1094 1611 1097 1618 ⁴

297 1701 468 1777 Exuruut
485 1701 623 1800 lolium3
642 1705 733 1780 retia
750 1705 861 1780 littori

297 1817 464 1892 Tradunt
481 1817 579 1894 lucra
597 1821 715 1915 maris,
736 1822 795 1919 qui
814 1822 969 1897 retinent
986 1822 1109 1915 bonos,

395 1934 522 2011 Pisces
539 1937 705 2036 rejiciunt
721 1937 846 2048 malos.

298 2165 502 2261 Otestudc,
522 2169 622 2245 sile...
641 2170 794 2246 buccina
812 2182 1027 2271 perstrepet,

297 2282 508 2380 dungentur
526 2285 700 2362 cineres...
721 2315 791 2385 quo
809 2288 932 2364 trahor
949 2289 1112 2389 impetu?

297 2396 496 2475 Aeternum
515 2402 656 2476 cruciat
673 2403 889 2502 supplicium
907 2432 998 2499 reos,

394 2516 556 2592 Mulcent
573 2517 706 2616 gaudia
724 2520 889 2596 coelites!

636 2972 739 3049 ODE
765 2973 813 3048 X.

606 3257 825 3333 ananum.

113 3543 275 3615 Sapientia
301 3557 362 3594 vero
379 3541 427 3595 ubi
448 3543 626 3597 incendere..
645 3545 728 3598 nescit
744 3544 831 3597 tomo.
840 3545 958 3612 metium
976 3544 1039 3613 ejus,
1057 3561 1104 3598 nec
1125 3545 1261 3599 inuenitur
1278 3549 1310 3602 in

385 3639 457 3686 arra
474 3634 591 3686 ueraciter
609 3634 757 3686 vivendum.
779 3633 854 3703 (Job.
873 3633 916 3702 28,
937 3633 978 3700 12,
1000 3633 1058 3703 13).

207 3892 301 3985 Ceu,
322 3890 408 3966 dum
427 3891 480 3966 sol
497 3891 607 3967 radiis
625 3892 723 3967 coelo
740 3891 980 3967 nitidissimus
999 3892 1110 3984 ardet,

250 4038 254 4046 ·
311 4007 412 4106 Ignis
428 4008 597 4084 lucernae
614 4008 752 4084 deficit:
868 4015 870 4020 ’

208 4124 287 4218 Sic,
306 4135 371 4198 tua
388 4122 474 4200 dum
491 4124 638 4200 memini
650 4124 791 4223 jejunia
809 4135 943 4218 sancta,
964 4124 1169 4216 Redemtcr,

311 4242 374 4318 Me
392 4268 533 4340 semper
550 4242 722 4341 ignavum
739 4240 827 4316 seio,
