3030 4734
568 265 687 321 urana
714 253 882 336 oururus

304 455 361 529 En
378 454 546 529 molimur
564 481 654 552 opus
672 453 817 551 grande,
839 454 951 529 duces
969 464 1083 548 erunt,

306 571 404 662 Quos
426 597 520 645 nunc
543 569 725 645 edoceam!
750 569 829 644 Vae
846 568 945 664 mihi,
965 597 1032 644 vae
1050 567 1148 661 mihi,

307 686 345 763 si
362 711 458 761 nunc
477 684 712 782 desiperem...
731 710 818 758 cum
833 683 967 783 populo
984 683 1093 760 miser

399 804 539 878 Poenas
556 799 735 876 terribiles
753 800 887 876 darom.

303 1035 357 1112 Ut
373 1035 436 1108 nix
453 1043 552 1108 mota
569 1059 635 1107 suo
653 1031 787 1108 vertice
806 1030 948 1124 labitur,

302 1149 547 1247 Labendoque
563 1158 696 1222 tumet:
716 1147 768 1222 sic
787 1147 917 1224 vitium
935 1157 1079 1245 patrum

305 1266 403 1341 Seris
421 1275 530 1339 aucta
547 1274 652 1361 parat
670 1261 802 1337 damna
818 1263 1024 1360 nepotibus3

400 1383 461 1455 An
478 1380 671 1454 defunctus
689 1378 806 1453 adhuc
824 1378 886 1453 diu

306 1613 432 1688 Multis
451 1611 630 1686 officiam?
649 1610 765 1686 Sudor
782 1612 812 1685 it
830 1611 989 1709 algidus!

305 1730 399 1823 Non,
419 1728 478 1826 qui
497 1754 575 1801 sum
593 1726 767 1822 medicus,
785 1752 856 1801 non
876 1753 936 1800 ero
954 1725 1133 1800 camifexl
1217 1785 1219 1790 .

306 1843 362 1918 Ne
380 1843 509 1917 doctus
527 1842 659 1934 videar,
679 1841 857 1934 continue,
878 1841 989 1935 Deua,

404 1958 446 2031 In
464 1956 564 2032 libris
582 1956 717 2031 lateam
734 1957 837 2032 meis

309 2191 346 2267 Si
364 2219 436 2266 non
454 2191 673 2289 progredior,
693 2191 885 2288 regredior,
906 2217 1026 2265 morae

307 2307 390 2381 Non
409 2307 506 2382 suntl
527 2306 675 2381 Deliciis
693 2318 748 2382 est
766 2306 952 2404 sapientia,

307 2423 414 2499 Hanc
434 2450 574 2520 semper
592 2422 721 2516 sitiam,
741 2423 870 2521 pocula
888 2423 944 2516 da,
962 2421 1093 2515 bibam,

406 2536 437 2614 O
455 2539 480 2615 J
483 2565 556 2630 esu,
576 2548 660 2612 ante
677 2565 817 2614 crucem
835 2548 948 2613 tuam.

309 2774 379 2866 Qui
398 2799 481 2849 vere
500 2773 644 2871 sapiens
662 2784 727 2866 est,
748 2773 852 2849 docet
869 2786 906 2850 et
923 2774 1022 2867 facit,

309 2890 412 2981 Quae
430 2892 593 2964 struxere
611 2888 673 2963 diu
691 2889 812 2982 verba,
832 2889 1003 2964 citissime

308 3003 512 3080 Demolitur
530 3030 629 3100 opus,
650 3002 844 3102 discipulos
862 3031 961 3079 meos

407 3117 514 3194 Ofac
534 3117 694 3192 erudiam
713 3118 837 3194 silensl

309 3350 505 3449 Nunquam
525 3351 699 3426 solliciter
717 3350 850 3426 stultus
868 3349 1072 3443 honoribus,

310 3467 368 3541 Ne
386 3467 496 3540 vilem
513 3467 658 3564 rapiant
676 3467 777 3542 lucra
794 3467 988 3564 pecuniae!

311 3581 365 3658 Ut
381 3581 505 3656 multis
523 3608 686 3678 caveam,
705 3582 752 3657 sit
770 3581 870 3656 labor
887 3580 1052 3678 impiger,

408 3697 469 3771 Me
486 3697 637 3771 fratrum
655 3709 801 3772 moveat
819 3697 926 3772 salus.

311 3926 434 4003 Unum
452 3938 490 4003 te
507 3929 689 4004 redamem
708 3956 849 4028 semper
866 3928 1066 4024 amabilem,

311 4041 380 4117 Oui
398 4042 468 4117 fusi
486 4043 641 4140 pretium
661 4043 774 4118 debeo
792 4043 986 4140 sanguinis,

311 4156 363 4232 Te
381 4159 547 4234 mercede
565 4158 672 4253 fruar,
693 4159 741 4234 mi
760 4170 864 4257 pater
882 4160 1035 4259 optime!

408 4272 508 4350 Inter
525 4274 658 4371 gaudia
676 4274 874 4350 Coclitum!
