2930 4734
528 239 658 324 ,ursus
687 241 876 296 suminus

122 425 248 500 Pisces
265 435 341 500 rete
360 437 470 519 tenet,
490 437 567 500 rete
586 437 641 501 est
658 426 812 502 ecclesia
830 427 976 520 Christi,

123 540 322 616 Servantur
340 539 429 637 sani,
451 541 586 639 putridi
599 541 783 640 jaciuntur
800 542 838 616 in
856 543 983 641 undas3

121 657 289 753 Aeraque
307 654 471 731 celantur
488 655 642 752 dapibus
660 655 849 731 fallacibus
867 683 967 750 unca,

120 770 172 844 Et
188 771 335 868 capiunt
352 770 487 869 pisces:
507 771 568 868 qui
585 769 726 869 pollent
742 771 879 865 robore,
901 799 1008 870 saepe

120 885 219 960 Mors
237 886 383 984 inopina
400 886 507 984 rapit.

219 999 288 1098 (F.)
309 1000 421 1076 Coelo
440 1000 641 1076 demittitur
658 1001 781 1095 imber,

121 1116 253 1192 Omnia
269 1126 401 1214 pontus
419 1127 530 1208 erant,
552 1143 724 1214 arcaeque
743 1144 889 1213 egressa
906 1117 1062 1194 fenestra

120 1231 241 1306 Prima
259 1231 428 1306 columba
444 1231 547 1324 redit,
568 1259 652 1307 mox
670 1232 819 1308 advolat
835 1232 950 1308 altera
966 1234 1051 1308 navi

119 1346 235 1421 Laeta
251 1358 378 1422 tenens
396 1357 510 1421 rostro
528 1374 668 1422 ramum
686 1347 799 1422 felicis
818 1347 934 1423 olivae
950 1390 1000 1402 -

119 1461 306 1537 Intereunt
323 1461 495 1556 homines,
515 1475 552 1539 et
570 1463 724 1539 vindicis
742 1465 795 1538 ira
812 1464 979 1563 quiescit!
1059 1537 1064 1548 ,

117 1576 206 1651 Fert
221 1589 439 1653 nocumenta
457 1578 584 1672 scelus,
605 1606 740 1676 poenas
758 1580 950 1654 timeamus
968 1580 1117 1654 Averni.

218 1692 295 1791 (G.)
313 1693 431 1770 Multa
449 1694 565 1768 farina
583 1695 692 1790 domi,
713 1696 880 1792 vatisque
898 1695 1063 1770 recordor
1080 1694 1196 1792 Eliae,

116 1807 195 1882 Vas
212 1807 359 1904 plenum
378 1807 518 1901 viduae,
539 1807 652 1882 donec
672 1810 832 1884 sitientia
848 1796 990 1883 nimbos

115 1923 220 1998 Arva
235 1949 349 1997 novos
366 1922 540 1998 biberent.
561 1923 715 1999 Oorrasa
732 1925 888 2021 pecunia
906 1924 1031 1999 Oroesi

115 2038 150 2112 N
156 2065 202 2112 on
220 2039 355 2113 coemit
371 2064 493 2136 panes,
515 2039 544 2112 si
562 2041 686 2113 morbo
706 2039 805 2136 spica
822 2039 976 2135 laboret;

116 2153 322 2228 Tristantur
340 2163 489 2250 segetes,
511 2180 621 2251 quum
639 2154 737 2229 foeta
756 2154 926 2252 superbia
943 2154 1062 2251 legem

116 2268 497 2366 Conculcatpedibus.

215 2383 285 2482 (F.)
304 2383 411 2460 Claro
429 2384 522 2458 nitet
539 2383 622 2479 igne
640 2384 796 2480 lucerna,

61 2526 65 2542 “
116 2498 156 2574 Si
174 2499 343 2574 infundas
360 2499 489 2591 oleum,
510 2498 733 2595 pedetentim
751 2499 875 2573 deficit
893 2498 989 2573 alma

113 2614 198 2688 Lux
215 2613 295 2688 'oleo
313 2614 462 2688 viduata
480 2640 559 2688 suo:
578 2641 649 2688 non
668 2615 770 2689 ardet
787 2615 918 2690 amoris

113 2728 289 2822 Flamma,
308 2729 377 2804 nisi
394 2729 563 2827 precibus
581 2729 705 2804 multis
723 2730 895 2805 alimenta
912 2742 1095 2827 parentur.

112 2845 214 2920 Vasa
230 2855 372 2919 tument
388 2844 475 2937 oleo,
495 2845 617 2940 magni
636 2872 824 2934 successor
842 2844 946 2919 Eliae

117 2959 304 3036 Succurrit
322 2961 461 3054 viduae,
481 2961 680 3038 redduntur
697 2962 828 3054 debita,
849 2973 964 3036 mater

112 3075 208 3152 Cum
226 3076 346 3174 pueris
363 3075 520 3151 nutritur
537 3076 650 3174 inops.
670 3077 727 3150 En
746 3103 877 3151 nomen
894 3061 919 3152 d
923 3104 987 3152 esu

110 3191 328 3266 Assimilant
346 3192 437 3267 oleo:
455 3191 520 3284 ,lux
539 3202 603 3284 est,
624 3191 803 3266 medicina
820 3193 1002 3290 cibusque.

211 3306 286 3404 (G.)
305 3306 360 3381 Tu
380 3307 514 3382 virtute
533 3334 665 3405 scopae
684 3307 807 3408 sordes
826 3307 1062 3382 conclavibus
1080 3306 1214 3383 aufers:

108 3423 190 3497 Lex
208 3422 354 3496 Domini
373 3449 515 3520 semper
533 3422 579 3497 sit
596 3423 734 3497 cunctis
753 3424 881 3497 semita
899 3422 1007 3519 vitae,
1065 3465 1066 3470 κ

110 3538 194 3613 Sint
211 3537 379 3634 graviora
398 3537 524 3635 procul
541 3549 703 3636 peccata,
724 3538 873 3635 Deoque
892 3538 1037 3614 favente

110 3653 293 3729 Oonemur
311 3652 433 3749 fortes,
454 3679 545 3751 quae
564 3664 649 3727 sunt
664 3653 812 3746 leviora,
833 3679 974 3728 cavere.

111 3767 239 3866 Oulpis
255 3795 362 3844 nemo
380 3780 497 3863 vacat,
519 3769 565 3843 sit
583 3795 726 3844 verrere
743 3768 851 3844 corda
868 3768 1055 3866 voluptasl

206 3883 304 3958 Ecce
321 3883 391 3958 Dei
410 3909 518 3959 voces
538 3883 661 3958 audire
679 3893 715 3958 et
732 3882 883 3958 reddere
902 3910 1011 3958 voces

111 3994 303 4093 Ingeniosa
320 3998 435 4074 vales:
454 3997 668 4074 venerabilis
686 4024 773 4074 ecce
790 3998 973 4096 magistra,

112 4110 197 4187 Una
212 4115 366 4213 coquina
382 4115 464 4212 tibi3
482 4125 522 4190 tu
540 4140 634 4188 nunc
652 4114 827 4212 intellige,
847 4125 982 4212 quanta

112 4225 366 4306 Emolumenta
384 4229 477 4306 ferat
496 4229 676 4328 spatiosus
694 4231 874 4305 maximus
892 4231 999 4305 orbis.

7 4504 296 4702 Ἃ
398 4493 405 4504 s
