<?xml version="1.0" encoding="UTF-8"?>
<!DOCTYPE html PUBLIC "-//W3C//DTD XHTML 1.0 Transitional//EN"
    "http://www.w3.org/TR/xhtml1/DTD/xhtml1-transitional.dtd">
<html xmlns="http://www.w3.org/1999/xhtml" xml:lang="en" lang="en">
 <head>
  <title>
</title>
<meta http-equiv="Content-Type" content="text/html;charset=utf-8" />
  <meta name='ocr-system' content='tesseract 3.04.00' />
  <meta name='ocr-capabilities' content='ocr_page ocr_carea ocr_par ocr_line ocrx_word'/>
</head>
<body>
  <div class='ocr_page' id='page_1' title='image "./carminumlibrioc00schngoog_0414.png"; bbox 0 0 2930 4734; ppageno 0'>
   <div class='ocr_carea' id='block_1_1' title="bbox 574 235 914 293">
    <p class='ocr_par' dir='ltr' id='par_1_1' title="bbox 574 235 914 293">
     <span class='ocr_line' id='line_1_1' title="bbox 574 235 914 293; baseline 0.006 -4"><span class='ocrx_word' id='word_1_1' title='bbox 574 235 693 290; x_wconf 79' lang='lat' dir='ltr'>LIBER</span> <span class='ocrx_word' id='word_1_2' title='bbox 725 235 914 293; x_wconf 78' lang='lat' dir='ltr'>SEPTIMUS</span> 
     </span>
    </p>
   </div>
   <div class='ocr_carea' id='block_1_2' title="bbox 155 420 1320 4328">
    <p class='ocr_par' dir='ltr' id='par_1_2' title="bbox 159 420 1125 1444">
     <span class='ocr_line' id='line_1_2' title="bbox 164 420 1125 524; baseline 0.002 -26"><span class='ocrx_word' id='word_1_3' title='bbox 164 422 329 516; x_wconf 84' lang='lat' dir='ltr'>Parvula,</span> <span class='ocrx_word' id='word_1_4' title='bbox 350 448 442 520; x_wconf 88' lang='lat' dir='ltr'>quae</span> <span class='ocrx_word' id='word_1_5' title='bbox 459 420 596 519; x_wconf 79' lang='lat' dir='ltr'>paucis,</span> <span class='ocrx_word' id='word_1_6' title='bbox 616 421 716 496; x_wconf 89' lang='lat' dir='ltr'>tenui</span> <span class='ocrx_word' id='word_1_7' title='bbox 735 449 826 520; x_wconf 89' lang='lat' dir='ltr'>quae</span> <span class='ocrx_word' id='word_1_8' title='bbox 844 421 979 499; x_wconf 86' lang='lat' dir='ltr'>lumine</span> <span class='ocrx_word' id='word_1_9' title='bbox 995 423 1125 524; x_wconf 79' lang='lat' dir='ltr'>fulget,</span> 
     </span>
     <span class='ocr_line' id='line_1_3' title="bbox 161 537 976 637; baseline 0 -23"><span class='ocrx_word' id='word_1_10' title='bbox 161 540 199 614; x_wconf 87' lang='lat' dir='ltr'>N</span> <span class='ocrx_word' id='word_1_11' title='bbox 200 566 245 613; x_wconf 91' lang='lat' dir='ltr'>on</span> <span class='ocrx_word' id='word_1_12' title='bbox 262 538 365 637; x_wconf 87' lang='lat' dir='ltr'>pellit</span> <span class='ocrx_word' id='word_1_13' title='bbox 381 537 559 631; x_wconf 82' lang='lat' dir='ltr'>tenebras,</span> <span class='ocrx_word' id='word_1_14' title='bbox 580 564 647 611; x_wconf 90' lang='lat' dir='ltr'>usu</span> <span class='ocrx_word' id='word_1_15' title='bbox 667 537 872 636; x_wconf 88' lang='lat' dir='ltr'>depascitur</span> <span class='ocrx_word' id='word_1_16' title='bbox 888 539 976 637; x_wconf 91' lang='lat' dir='ltr'>ipso,</span> 
     </span>
     <span class='ocr_line' id='line_1_4' title="bbox 160 651 1117 750; baseline 0.001 -20"><span class='ocrx_word' id='word_1_17' title='bbox 160 654 310 730; x_wconf 80' lang='lat' dir='ltr'>Halitus</span> <span class='ocrx_word' id='word_1_18' title='bbox 328 653 529 750; x_wconf 77' lang='lat' dir='ltr'>exstinguit</span> <span class='ocrx_word' id='word_1_19' title='bbox 544 652 718 728; x_wconf 88' lang='lat' dir='ltr'>flammas.</span> <span class='ocrx_word' id='word_1_20' title='bbox 737 651 931 731; x_wconf 78' lang='lat' dir='ltr'>Advortite</span> <span class='ocrx_word' id='word_1_21' title='bbox 949 666 1117 750; x_wconf 84' lang='lat' dir='ltr'>mentem,</span> 
     </span>
     <span class='ocr_line' id='line_1_5' title="bbox 160 768 1050 867; baseline 0.002 -23"><span class='ocrx_word' id='word_1_22' title='bbox 160 769 211 844; x_wconf 87' lang='lat' dir='ltr'>Et</span> <span class='ocrx_word' id='word_1_23' title='bbox 227 769 340 845; x_wconf 90' lang='lat' dir='ltr'>solem</span> <span class='ocrx_word' id='word_1_24' title='bbox 360 779 525 866; x_wconf 88' lang='lat' dir='ltr'>spectate</span> <span class='ocrx_word' id='word_1_25' title='bbox 542 793 678 842; x_wconf 91' lang='lat' dir='ltr'>meum:</span> <span class='ocrx_word' id='word_1_26' title='bbox 699 768 751 843; x_wconf 91' lang='lat' dir='ltr'>sol</span> <span class='ocrx_word' id='word_1_27' title='bbox 768 770 931 867; x_wconf 89' lang='lat' dir='ltr'>protinus</span> <span class='ocrx_word' id='word_1_28' title='bbox 949 782 1050 846; x_wconf 91' lang='lat' dir='ltr'>arcet</span> 
     </span>
     <span class='ocr_line' id='line_1_6' title="bbox 159 883 963 978; baseline 0 -17"><span class='ocrx_word' id='word_1_29' title='bbox 159 886 355 962; x_wconf 91' lang='lat' dir='ltr'>Horrorem</span> <span class='ocrx_word' id='word_1_30' title='bbox 372 884 499 978; x_wconf 88' lang='lat' dir='ltr'>noctis,</span> <span class='ocrx_word' id='word_1_31' title='bbox 519 884 586 976; x_wconf 93' lang='lat' dir='ltr'>toti</span> <span class='ocrx_word' id='word_1_32' title='bbox 605 883 676 958; x_wconf 81' lang='lat' dir='ltr'>fert</span> <span class='ocrx_word' id='word_1_33' title='bbox 694 884 831 960; x_wconf 91' lang='lat' dir='ltr'>lumina</span> <span class='ocrx_word' id='word_1_34' title='bbox 847 895 963 961; x_wconf 89' lang='lat' dir='ltr'>terrae</span> 
     </span>
     <span class='ocr_line' id='line_1_7' title="bbox 161 1000 1033 1098; baseline 0.002 -24"><span class='ocrx_word' id='word_1_35' title='bbox 161 1001 317 1076; x_wconf 85' lang='lat' dir='ltr'>Excitus</span> <span class='ocrx_word' id='word_1_36' title='bbox 335 1027 396 1076; x_wconf 91' lang='lat' dir='ltr'>ore</span> <span class='ocrx_word' id='word_1_37' title='bbox 413 1026 504 1093; x_wconf 92' lang='lat' dir='ltr'>me0,</span> <span class='ocrx_word' id='word_1_38' title='bbox 524 1025 595 1075; x_wconf 91' lang='lat' dir='ltr'>non</span> <span class='ocrx_word' id='word_1_39' title='bbox 612 1025 772 1098; x_wconf 89' lang='lat' dir='ltr'>unquam</span> <span class='ocrx_word' id='word_1_40' title='bbox 789 1000 913 1076; x_wconf 88' lang='lat' dir='ltr'>deficit</span> <span class='ocrx_word' id='word_1_41' title='bbox 929 1001 1033 1098; x_wconf 87' lang='lat' dir='ltr'>ignis,</span> 
     </span>
     <span class='ocr_line' id='line_1_8' title="bbox 162 1114 1092 1214; baseline 0.002 -24"><span class='ocrx_word' id='word_1_42' title='bbox 162 1116 325 1192; x_wconf 89' lang='lat' dir='ltr'>Plurima</span> <span class='ocrx_word' id='word_1_43' title='bbox 341 1115 404 1189; x_wconf 92' lang='lat' dir='ltr'>lux</span> <span class='ocrx_word' id='word_1_44' title='bbox 421 1114 543 1213; x_wconf 86' lang='lat' dir='ltr'>radiis,</span> <span class='ocrx_word' id='word_1_45' title='bbox 560 1115 690 1212; x_wconf 88' lang='lat' dir='ltr'>ingens</span> <span class='ocrx_word' id='word_1_46' title='bbox 707 1116 951 1214; x_wconf 90' lang='lat' dir='ltr'>immensaque</span> <span class='ocrx_word' id='word_1_47' title='bbox 969 1115 1092 1209; x_wconf 91' lang='lat' dir='ltr'>moles,</span> 
     </span>
     <span class='ocr_line' id='line_1_9' title="bbox 159 1230 975 1330; baseline 0.001 -25"><span class='ocrx_word' id='word_1_48' title='bbox 159 1231 202 1306; x_wconf 91' lang='lat' dir='ltr'>ln</span> <span class='ocrx_word' id='word_1_49' title='bbox 221 1232 339 1330; x_wconf 88' lang='lat' dir='ltr'>spatio</span> <span class='ocrx_word' id='word_1_50' title='bbox 356 1231 491 1330; x_wconf 90' lang='lat' dir='ltr'>pendet</span> <span class='ocrx_word' id='word_1_51' title='bbox 507 1230 607 1306; x_wconf 90' lang='lat' dir='ltr'>nullo</span> <span class='ocrx_word' id='word_1_52' title='bbox 625 1230 807 1306; x_wconf 83' lang='lat' dir='ltr'>fulcimine</span> <span class='ocrx_word' id='word_1_53' title='bbox 824 1231 910 1306; x_wconf 82' lang='lat' dir='ltr'>nixa</span> <span class='ocrx_word' id='word_1_54' title='bbox 926 1275 975 1286; x_wconf 95' lang='grc'>-</span> 
     </span>
     <span class='ocr_line' id='line_1_10' title="bbox 163 1345 956 1444; baseline -0.001 -21"><span class='ocrx_word' id='word_1_55' title='bbox 163 1347 247 1423; x_wconf 83' lang='lat' dir='ltr'>Sole</span> <span class='ocrx_word' id='word_1_56' title='bbox 264 1347 358 1422; x_wconf 84' lang='lat' dir='ltr'>fores</span> <span class='ocrx_word' id='word_1_57' title='bbox 376 1345 491 1444; x_wconf 89' lang='lat' dir='ltr'>puls0,</span> <span class='ocrx_word' id='word_1_58' title='bbox 511 1345 632 1424; x_wconf 88' lang='lat' dir='ltr'>festini</span> <span class='ocrx_word' id='word_1_59' title='bbox 652 1347 799 1444; x_wconf 86' lang='lat' dir='ltr'>pandite</span> <span class='ocrx_word' id='word_1_60' title='bbox 818 1347 956 1422; x_wconf 85' lang='lat' dir='ltr'>valvas.</span> 
     </span>
    </p>

    <p class='ocr_par' dir='ltr' id='par_1_3' title="bbox 257 1461 1284 1560">
     <span class='ocr_line' id='line_1_11' title="bbox 257 1461 1284 1560; baseline -0.001 -22"><span class='ocrx_word' id='word_1_61' title='bbox 257 1461 327 1560; x_wconf 81' lang='lat' dir='ltr'>(O.)</span> <span class='ocrx_word' id='word_1_62' title='bbox 346 1461 468 1537; x_wconf 88' lang='lat' dir='ltr'>Labra</span> <span class='ocrx_word' id='word_1_63' title='bbox 484 1472 644 1538; x_wconf 88' lang='lat' dir='ltr'>tremunt</span> <span class='ocrx_word' id='word_1_64' title='bbox 663 1462 842 1559; x_wconf 87' lang='lat' dir='ltr'>animique</span> <span class='ocrx_word' id='word_1_65' title='bbox 862 1472 1019 1560; x_wconf 89' lang='lat' dir='ltr'>stupent,</span> <span class='ocrx_word' id='word_1_66' title='bbox 1039 1463 1229 1538; x_wconf 89' lang='lat' dir='ltr'>haeremus</span> <span class='ocrx_word' id='word_1_67' title='bbox 1246 1463 1284 1537; x_wconf 93' lang='lat' dir='ltr'>in</span> 
     </span>
    </p>

    <p class='ocr_par' dir='ltr' id='par_1_4' title="bbox 1248 1604 1320 1653">
     <span class='ocr_line' id='line_1_12' title="bbox 1248 1604 1320 1653; baseline 0.014 -1"><span class='ocrx_word' id='word_1_68' title='bbox 1248 1604 1320 1653; x_wconf 92' lang='lat' dir='ltr'>uno</span> 
     </span>
    </p>

    <p class='ocr_par' dir='ltr' id='par_1_5' title="bbox 158 1691 466 1768">
     <span class='ocr_line' id='line_1_13' title="bbox 158 1691 466 1768; baseline -0.006 -2"><span class='ocrx_word' id='word_1_69' title='bbox 158 1691 310 1768; x_wconf 86' lang='lat' dir='ltr'>Defixae</span> <span class='ocrx_word' id='word_1_70' title='bbox 327 1692 466 1768; x_wconf 90' lang='lat' dir='ltr'>obtutu.</span> 
     </span>
    </p>

    <p class='ocr_par' dir='ltr' id='par_1_6' title="bbox 158 1805 1167 3290">
     <span class='ocr_line' id='line_1_14' title="bbox 255 1805 875 1905; baseline -0.002 -23"><span class='ocrx_word' id='word_1_71' title='bbox 255 1808 325 1895; x_wconf 87' lang='lat' dir='ltr'>(P.)</span> <span class='ocrx_word' id='word_1_72' title='bbox 343 1806 522 1902; x_wconf 90' lang='lat' dir='ltr'>Delector,</span> <span class='ocrx_word' id='word_1_73' title='bbox 542 1805 710 1882; x_wconf 88' lang='lat' dir='ltr'>inhaereo</span> <span class='ocrx_word' id='word_1_74' title='bbox 727 1807 875 1905; x_wconf 90' lang='lat' dir='ltr'>coeptis.</span> 
     </span>
     <span class='ocr_line' id='line_1_15' title="bbox 159 1922 1120 2020; baseline 0.001 -22"><span class='ocrx_word' id='word_1_75' title='bbox 159 1924 265 1999; x_wconf 87' lang='lat' dir='ltr'>Luna</span> <span class='ocrx_word' id='word_1_76' title='bbox 283 1949 405 1998; x_wconf 87' lang='lat' dir='ltr'>comes</span> <span class='ocrx_word' id='word_1_77' title='bbox 422 1931 550 2016; x_wconf 91' lang='lat' dir='ltr'>terrae,</span> <span class='ocrx_word' id='word_1_78' title='bbox 571 1949 663 2020; x_wconf 91' lang='lat' dir='ltr'>quae</span> <span class='ocrx_word' id='word_1_79' title='bbox 680 1949 752 1998; x_wconf 92' lang='lat' dir='ltr'>non</span> <span class='ocrx_word' id='word_1_80' title='bbox 770 1922 920 1998; x_wconf 90' lang='lat' dir='ltr'>discedit</span> <span class='ocrx_word' id='word_1_81' title='bbox 939 1923 983 1998; x_wconf 92' lang='lat' dir='ltr'>ab</span> <span class='ocrx_word' id='word_1_82' title='bbox 1000 1923 1073 2018; x_wconf 90' lang='lat' dir='ltr'>illa,</span> <span class='ocrx_word' id='word_1_83' title='bbox 1116 1939 1120 1943; x_wconf 82' lang='grc'><strong>’</strong></span> 
     </span>
     <span class='ocr_line' id='line_1_16' title="bbox 159 2037 1052 2135; baseline 0 -22"><span class='ocrx_word' id='word_1_84' title='bbox 159 2038 260 2114; x_wconf 88' lang='lat' dir='ltr'>Luce</span> <span class='ocrx_word' id='word_1_85' title='bbox 277 2037 416 2113; x_wconf 90' lang='lat' dir='ltr'>renidet</span> <span class='ocrx_word' id='word_1_86' title='bbox 434 2063 546 2112; x_wconf 88' lang='lat' dir='ltr'>ovans</span> <span class='ocrx_word' id='word_1_87' title='bbox 564 2048 717 2134; x_wconf 88' lang='lat' dir='ltr'>accepta</span> <span class='ocrx_word' id='word_1_88' title='bbox 734 2065 754 2112; x_wconf 91' lang='lat' dir='ltr'>a</span> <span class='ocrx_word' id='word_1_89' title='bbox 772 2037 938 2135; x_wconf 93' lang='lat' dir='ltr'>lampade</span> <span class='ocrx_word' id='word_1_90' title='bbox 958 2037 1052 2132; x_wconf 90' lang='lat' dir='ltr'>solis,</span> 
     </span>
     <span class='ocr_line' id='line_1_17' title="bbox 162 2153 1167 2253; baseline -0.001 -23"><span class='ocrx_word' id='word_1_91' title='bbox 162 2154 309 2230; x_wconf 81' lang='lat' dir='ltr'>Cornua</span> <span class='ocrx_word' id='word_1_92' title='bbox 325 2180 416 2251; x_wconf 87' lang='lat' dir='ltr'>quae</span> <span class='ocrx_word' id='word_1_93' title='bbox 435 2153 543 2250; x_wconf 87' lang='lat' dir='ltr'>cogit,</span> <span class='ocrx_word' id='word_1_94' title='bbox 563 2164 717 2250; x_wconf 87' lang='lat' dir='ltr'>reparat,</span> <span class='ocrx_word' id='word_1_95' title='bbox 739 2181 829 2249; x_wconf 90' lang='lat' dir='ltr'>quae</span> <span class='ocrx_word' id='word_1_96' title='bbox 849 2181 980 2228; x_wconf 88' lang='lat' dir='ltr'>cornua</span> <span class='ocrx_word' id='word_1_97' title='bbox 997 2155 1167 2253; x_wconf 88' lang='lat' dir='ltr'>complet,</span> 
     </span>
     <span class='ocr_line' id='line_1_18' title="bbox 159 2268 1007 2366; baseline 0.002 -22"><span class='ocrx_word' id='word_1_98' title='bbox 159 2269 289 2344; x_wconf 87' lang='lat' dir='ltr'>Nonne</span> <span class='ocrx_word' id='word_1_99' title='bbox 306 2268 376 2344; x_wconf 92' lang='lat' dir='ltr'>Dei</span> <span class='ocrx_word' id='word_1_100' title='bbox 394 2269 504 2344; x_wconf 88' lang='lat' dir='ltr'>verbo</span> <span class='ocrx_word' id='word_1_101' title='bbox 522 2279 674 2366; x_wconf 91' lang='lat' dir='ltr'>quatuor</span> <span class='ocrx_word' id='word_1_102' title='bbox 692 2279 853 2346; x_wconf 90' lang='lat' dir='ltr'>mutatur</span> <span class='ocrx_word' id='word_1_103' title='bbox 870 2269 907 2342; x_wconf 90' lang='lat' dir='ltr'>in</span> <span class='ocrx_word' id='word_1_104' title='bbox 925 2273 1007 2346; x_wconf 83' lang='lat' dir='ltr'>ora?</span> 
     </span>
     <span class='ocr_line' id='line_1_19' title="bbox 160 2383 943 2482; baseline 0 -23"><span class='ocrx_word' id='word_1_105' title='bbox 160 2385 290 2460; x_wconf 88' lang='lat' dir='ltr'>Nonne</span> <span class='ocrx_word' id='word_1_106' title='bbox 308 2384 437 2459; x_wconf 83' lang='lat' dir='ltr'>viatori</span> <span class='ocrx_word' id='word_1_107' title='bbox 455 2383 596 2458; x_wconf 86' lang='lat' dir='ltr'>facibus</span> <span class='ocrx_word' id='word_1_108' title='bbox 615 2384 802 2482; x_wconf 90' lang='lat' dir='ltr'>praelucet</span> <span class='ocrx_word' id='word_1_109' title='bbox 820 2385 943 2460; x_wconf 86' lang='lat' dir='ltr'>eunti?</span> 
     </span>
     <span class='ocr_line' id='line_1_20' title="bbox 160 2498 1140 2598; baseline 0.005 -26"><span class='ocrx_word' id='word_1_110' title='bbox 160 2501 357 2597; x_wconf 85' lang='lat' dir='ltr'>Temperat</span> <span class='ocrx_word' id='word_1_111' title='bbox 374 2498 558 2574; x_wconf 91' lang='lat' dir='ltr'>horrorem</span> <span class='ocrx_word' id='word_1_112' title='bbox 576 2500 718 2574; x_wconf 84' lang='lat' dir='ltr'>noctis?</span> <span class='ocrx_word' id='word_1_113' title='bbox 735 2500 961 2598; x_wconf 88' lang='lat' dir='ltr'>loquiturque</span> <span class='ocrx_word' id='word_1_114' title='bbox 980 2501 1140 2578; x_wconf 85' lang='lat' dir='ltr'>silendo?</span> 
     </span>
     <span class='ocr_line' id='line_1_21' title="bbox 160 2614 1086 2714; baseline 0.005 -26"><span class='ocrx_word' id='word_1_115' title='bbox 160 2615 265 2690; x_wconf 89' lang='lat' dir='ltr'>Luna</span> <span class='ocrx_word' id='word_1_116' title='bbox 282 2614 375 2690; x_wconf 87' lang='lat' dir='ltr'>fores</span> <span class='ocrx_word' id='word_1_117' title='bbox 393 2615 532 2714; x_wconf 85' lang='lat' dir='ltr'>pulsat!</span> <span class='ocrx_word' id='word_1_118' title='bbox 552 2615 682 2690; x_wconf 84' lang='lat' dir='ltr'>Refero</span> <span class='ocrx_word' id='word_1_119' title='bbox 700 2642 793 2689; x_wconf 93' lang='lat' dir='ltr'>nunc</span> <span class='ocrx_word' id='word_1_120' title='bbox 812 2615 929 2691; x_wconf 88' lang='lat' dir='ltr'>sidera</span> <span class='ocrx_word' id='word_1_121' title='bbox 946 2630 1086 2710; x_wconf 89' lang='lat' dir='ltr'>cuncta,</span> 
     </span>
     <span class='ocr_line' id='line_1_22' title="bbox 160 2730 1090 2829; baseline 0.001 -24"><span class='ocrx_word' id='word_1_122' title='bbox 160 2730 336 2806; x_wconf 82' lang='lat' dir='ltr'>Caeruleo</span> <span class='ocrx_word' id='word_1_123' title='bbox 354 2757 446 2829; x_wconf 90' lang='lat' dir='ltr'>quae</span> <span class='ocrx_word' id='word_1_124' title='bbox 464 2757 590 2828; x_wconf 88' lang='lat' dir='ltr'>sparsa</span> <span class='ocrx_word' id='word_1_125' title='bbox 608 2730 690 2828; x_wconf 94' lang='lat' dir='ltr'>polo</span> <span class='ocrx_word' id='word_1_126' title='bbox 709 2757 898 2806; x_wconf 90' lang='lat' dir='ltr'>numerare</span> <span class='ocrx_word' id='word_1_127' title='bbox 917 2743 1090 2825; x_wconf 88' lang='lat' dir='ltr'>vetamur,</span> 
     </span>
     <span class='ocr_line' id='line_1_23' title="bbox 158 2844 1089 2945; baseline 0.003 -26"><span class='ocrx_word' id='word_1_128' title='bbox 158 2844 366 2921; x_wconf 89' lang='lat' dir='ltr'>Dissociata</span> <span class='ocrx_word' id='word_1_129' title='bbox 384 2844 473 2939; x_wconf 91' lang='lat' dir='ltr'>loco,</span> <span class='ocrx_word' id='word_1_130' title='bbox 494 2873 600 2944; x_wconf 88' lang='lat' dir='ltr'>quem</span> <span class='ocrx_word' id='word_1_131' title='bbox 619 2873 690 2920; x_wconf 92' lang='lat' dir='ltr'>non</span> <span class='ocrx_word' id='word_1_132' title='bbox 708 2845 886 2940; x_wconf 88' lang='lat' dir='ltr'>metimur,</span> <span class='ocrx_word' id='word_1_133' title='bbox 907 2857 943 2922; x_wconf 90' lang='lat' dir='ltr'>et</span> <span class='ocrx_word' id='word_1_134' title='bbox 960 2847 1089 2945; x_wconf 89' lang='lat' dir='ltr'>ingens</span> 
     </span>
     <span class='ocr_line' id='line_1_24' title="bbox 161 2961 1147 3058; baseline 0.002 -24"><span class='ocrx_word' id='word_1_135' title='bbox 161 2961 269 3037; x_wconf 88' lang='lat' dir='ltr'>Molis</span> <span class='ocrx_word' id='word_1_136' title='bbox 287 2988 386 3055; x_wconf 72' lang='lat' dir='ltr'>onus</span> <span class='ocrx_word' id='word_1_137' title='bbox 406 2961 543 3035; x_wconf 89' lang='lat' dir='ltr'>trutina</span> <span class='ocrx_word' id='word_1_138' title='bbox 559 2962 654 3058; x_wconf 90' lang='lat' dir='ltr'>quod</span> <span class='ocrx_word' id='word_1_139' title='bbox 672 2987 743 3036; x_wconf 92' lang='lat' dir='ltr'>non</span> <span class='ocrx_word' id='word_1_140' title='bbox 761 2961 943 3052; x_wconf 90' lang='lat' dir='ltr'>libramus,</span> <span class='ocrx_word' id='word_1_141' title='bbox 961 2963 998 3034; x_wconf 97' lang='lat' dir='ltr'>in</span> <span class='ocrx_word' id='word_1_142' title='bbox 1017 2989 1147 3038; x_wconf 89' lang='lat' dir='ltr'>aevum</span> 
     </span>
     <span class='ocr_line' id='line_1_25' title="bbox 158 3075 1020 3175; baseline 0 -25"><span class='ocrx_word' id='word_1_143' title='bbox 158 3077 271 3152; x_wconf 84' lang='lat' dir='ltr'>Astra</span> <span class='ocrx_word' id='word_1_144' title='bbox 288 3078 529 3153; x_wconf 87' lang='lat' dir='ltr'>movebuntur</span> <span class='ocrx_word' id='word_1_145' title='bbox 548 3077 652 3151; x_wconf 90' lang='lat' dir='ltr'>sociis</span> <span class='ocrx_word' id='word_1_146' title='bbox 669 3076 836 3151; x_wconf 89' lang='lat' dir='ltr'>redimita</span> <span class='ocrx_word' id='word_1_147' title='bbox 854 3075 1020 3175; x_wconf 87' lang='lat' dir='ltr'>planetis.</span> 
     </span>
     <span class='ocr_line' id='line_1_26' title="bbox 159 3190 564 3290; baseline 0.005 -26"><span class='ocrx_word' id='word_1_148' title='bbox 159 3190 272 3266; x_wconf 82' lang='lat' dir='ltr'>Astra</span> <span class='ocrx_word' id='word_1_149' title='bbox 289 3191 383 3266; x_wconf 83' lang='lat' dir='ltr'>fores</span> <span class='ocrx_word' id='word_1_150' title='bbox 401 3192 564 3290; x_wconf 78' lang='lat' dir='ltr'>pulsant!</span> 
     </span>
    </p>

    <p class='ocr_par' dir='ltr' id='par_1_7' title="bbox 159 3305 1088 3522">
     <span class='ocr_line' id='line_1_27' title="bbox 258 3305 774 3401; baseline 0.004 -21"><span class='ocrx_word' id='word_1_151' title='bbox 258 3305 335 3401; x_wconf 82' lang='lat' dir='ltr'>(O.)</span> <span class='ocrx_word' id='word_1_152' title='bbox 353 3305 423 3381; x_wconf 83' lang='lat' dir='ltr'>Est</span> <span class='ocrx_word' id='word_1_153' title='bbox 440 3308 661 3383; x_wconf 89' lang='lat' dir='ltr'>admirabilis</span> <span class='ocrx_word' id='word_1_154' title='bbox 679 3307 774 3382; x_wconf 83' lang='lat' dir='ltr'>icon!</span> 
     </span>
     <span class='ocr_line' id='line_1_28' title="bbox 159 3420 1088 3522; baseline 0.004 -28"><span class='ocrx_word' id='word_1_155' title='bbox 159 3420 278 3496; x_wconf 88' lang='lat' dir='ltr'>Multa</span> <span class='ocrx_word' id='word_1_156' title='bbox 295 3422 396 3497; x_wconf 89' lang='lat' dir='ltr'>brevi</span> <span class='ocrx_word' id='word_1_157' title='bbox 415 3450 578 3499; x_wconf 92' lang='lat' dir='ltr'>sermone</span> <span class='ocrx_word' id='word_1_158' title='bbox 596 3423 707 3522; x_wconf 90' lang='lat' dir='ltr'>capit,</span> <span class='ocrx_word' id='word_1_159' title='bbox 727 3423 975 3499; x_wconf 89' lang='lat' dir='ltr'>succendimur</span> <span class='ocrx_word' id='word_1_160' title='bbox 993 3425 1088 3522; x_wconf 82' lang='lat' dir='ltr'>igne.</span> 
     </span>
    </p>

    <p class='ocr_par' dir='ltr' id='par_1_8' title="bbox 155 3536 1319 4328">
     <span class='ocr_line' id='line_1_29' title="bbox 258 3536 1319 3637; baseline 0.001 -26"><span class='ocrx_word' id='word_1_161' title='bbox 258 3536 328 3634; x_wconf 84' lang='lat' dir='ltr'><strong>(R.)</strong></span> <span class='ocrx_word' id='word_1_162' title='bbox 343 3537 450 3613; x_wconf 88' lang='lat' dir='ltr'>Nunc</span> <span class='ocrx_word' id='word_1_163' title='bbox 465 3565 568 3632; x_wconf 89' lang='lat' dir='ltr'>nova,</span> <span class='ocrx_word' id='word_1_164' title='bbox 585 3565 677 3637; x_wconf 91' lang='lat' dir='ltr'>quae</span> <span class='ocrx_word' id='word_1_165' title='bbox 696 3538 788 3635; x_wconf 91' lang='lat' dir='ltr'>silui,</span> <span class='ocrx_word' id='word_1_166' title='bbox 804 3550 972 3636; x_wconf 90' lang='lat' dir='ltr'>portenta</span> <span class='ocrx_word' id='word_1_167' title='bbox 989 3537 1135 3614; x_wconf 86' lang='lat' dir='ltr'>Rosalia</span> <span class='ocrx_word' id='word_1_168' title='bbox 1152 3539 1319 3636; x_wconf 89' lang='lat' dir='ltr'>prodam,</span> 
     </span>
     <span class='ocr_line' id='line_1_30' title="bbox 158 3651 1172 3754; baseline 0.005 -29"><span class='ocrx_word' id='word_1_169' title='bbox 158 3651 282 3728; x_wconf 82' lang='lat' dir='ltr'>insula</span> <span class='ocrx_word' id='word_1_170' title='bbox 299 3665 395 3729; x_wconf 88' lang='lat' dir='ltr'>terra</span> <span class='ocrx_word' id='word_1_171' title='bbox 412 3656 522 3730; x_wconf 90' lang='lat' dir='ltr'>maris</span> <span class='ocrx_word' id='word_1_172' title='bbox 539 3699 588 3709; x_wconf 97' lang='lat'>-</span> <span class='ocrx_word' id='word_1_173' title='bbox 606 3656 685 3754; x_wconf 91' lang='lat' dir='ltr'>quis</span> <span class='ocrx_word' id='word_1_174' title='bbox 703 3667 823 3730; x_wconf 90' lang='lat' dir='ltr'>mente</span> <span class='ocrx_word' id='word_1_175' title='bbox 841 3666 1029 3730; x_wconf 89' lang='lat' dir='ltr'>recenseat</span> <span class='ocrx_word' id='word_1_176' title='bbox 1047 3682 1172 3732; x_wconf 90' lang='lat' dir='ltr'>omnes</span> 
     </span>
     <span class='ocr_line' id='line_1_31' title="bbox 158 3766 1076 3869; baseline 0.002 -26"><span class='ocrx_word' id='word_1_177' title='bbox 158 3766 296 3844; x_wconf 85' lang='lat' dir='ltr'>Oceani</span> <span class='ocrx_word' id='word_1_178' title='bbox 314 3773 463 3868; x_wconf 84' lang='lat' dir='ltr'>guttas?</span> <span class='ocrx_word' id='word_1_179' title='bbox 480 3771 559 3868; x_wconf 92' lang='lat' dir='ltr'>quis</span> <span class='ocrx_word' id='word_1_180' title='bbox 577 3772 736 3869; x_wconf 90' lang='lat' dir='ltr'>pondera</span> <span class='ocrx_word' id='word_1_181' title='bbox 754 3770 860 3845; x_wconf 91' lang='lat' dir='ltr'>libret</span> <span class='ocrx_word' id='word_1_182' title='bbox 879 3774 1076 3868; x_wconf 85' lang='lat' dir='ltr'>aquarum?</span> 
     </span>
     <span class='ocr_line' id='line_1_32' title="bbox 155 3884 1085 3984; baseline 0.003 -27"><span class='ocrx_word' id='word_1_183' title='bbox 155 3884 264 3959; x_wconf 88' lang='lat' dir='ltr'>Mons</span> <span class='ocrx_word' id='word_1_184' title='bbox 281 3896 399 3961; x_wconf 87' lang='lat' dir='ltr'>terrae</span> <span class='ocrx_word' id='word_1_185' title='bbox 418 3911 587 3980; x_wconf 90' lang='lat' dir='ltr'>summus,</span> <span class='ocrx_word' id='word_1_186' title='bbox 609 3913 678 3984; x_wconf 91' lang='lat' dir='ltr'>quo</span> <span class='ocrx_word' id='word_1_187' title='bbox 696 3912 767 3960; x_wconf 94' lang='lat' dir='ltr'>non</span> <span class='ocrx_word' id='word_1_188' title='bbox 785 3897 841 3960; x_wconf 90' lang='lat' dir='ltr'>est</span> <span class='ocrx_word' id='word_1_189' title='bbox 858 3885 964 3962; x_wconf 89' lang='lat' dir='ltr'>altior</span> <span class='ocrx_word' id='word_1_190' title='bbox 982 3885 1085 3980; x_wconf 91' lang='lat' dir='ltr'>ullus,</span> 
     </span>
     <span class='ocr_line' id='line_1_33' title="bbox 162 3998 1048 4098; baseline -0.001 -24"><span class='ocrx_word' id='word_1_191' title='bbox 162 3998 201 4074; x_wconf 79' lang='lat' dir='ltr'>Si</span> <span class='ocrx_word' id='word_1_192' title='bbox 219 4026 321 4075; x_wconf 89' lang='lat' dir='ltr'>mons</span> <span class='ocrx_word' id='word_1_193' title='bbox 339 4000 523 4076; x_wconf 91' lang='lat' dir='ltr'>demersus</span> <span class='ocrx_word' id='word_1_194' title='bbox 541 4000 672 4098; x_wconf 91' lang='lat' dir='ltr'>pelago</span> <span class='ocrx_word' id='word_1_195' title='bbox 689 4012 886 4098; x_wconf 89' lang='lat' dir='ltr'>consurgat</span> <span class='ocrx_word' id='word_1_196' title='bbox 903 4001 948 4075; x_wconf 91' lang='lat' dir='ltr'>ab</span> <span class='ocrx_word' id='word_1_197' title='bbox 965 4001 1048 4094; x_wconf 90' lang='lat' dir='ltr'>imo,</span> 
     </span>
     <span class='ocr_line' id='line_1_34' title="bbox 161 4103 1099 4213; baseline 0.002 -25"><span class='ocrx_word' id='word_1_198' title='bbox 161 4114 353 4190; x_wconf 86' lang='lat' dir='ltr'>Fluctibus</span> <span class='ocrx_word' id='word_1_199' title='bbox 372 4116 544 4209; x_wconf 87' lang='lat' dir='ltr'>obruitur,</span> <span class='ocrx_word' id='word_1_200' title='bbox 564 4113 631 4190; x_wconf 91' lang='lat' dir='ltr'>nec</span> <span class='ocrx_word' id='word_1_201' title='bbox 650 4115 749 4190; x_wconf 87' lang='lat' dir='ltr'>celsa</span> <span class='ocrx_word' id='word_1_202' title='bbox 766 4103 958 4193; x_wconf 85' lang='lat' dir='ltr'>cacumina</span> <span class='ocrx_word' id='word_1_203' title='bbox 969 4115 1099 4213; x_wconf 91' lang='lat' dir='ltr'>prodit,</span> 
     </span>
     <span class='ocr_line' id='line_1_35' title="bbox 159 4229 1053 4328; baseline -0.001 -22"><span class='ocrx_word' id='word_1_204' title='bbox 159 4229 349 4308; x_wconf 90' lang='lat' dir='ltr'>Undarum</span> <span class='ocrx_word' id='word_1_205' title='bbox 366 4231 481 4306; x_wconf 89' lang='lat' dir='ltr'>moles</span> <span class='ocrx_word' id='word_1_206' title='bbox 501 4231 615 4328; x_wconf 89' lang='lat' dir='ltr'>capiti</span> <span class='ocrx_word' id='word_1_207' title='bbox 633 4231 891 4328; x_wconf 87' lang='lat' dir='ltr'>superincubat</span> <span class='ocrx_word' id='word_1_208' title='bbox 908 4231 1053 4328; x_wconf 81' lang='lat' dir='ltr'>ingens!</span> 
     </span>
    </p>
   </div>
   <div class='ocr_carea' id='block_1_3' title="bbox 0 0 1470 4734">
    <p class='ocr_par' dir='ltr' id='par_1_9' title="bbox 0 0 1470 4734">
     <span class='ocr_line' id='line_1_36' title="bbox 0 0 1470 4734; baseline 0 0"><span class='ocrx_word' id='word_1_209' title='bbox 0 0 1470 4734; x_wconf 95' lang='lat' dir='ltr'> </span> 
     </span>
    </p>
   </div>
  </div>
 </body>
</html>
