2988 4730
528 238 647 292 LIBER
681 237 844 293 TERTIUS
1217 229 1271 284 153

181 426 299 518 Quem
316 425 485 523 graviora
501 435 669 521 premunt
687 424 851 522 subjecto
867 424 1027 522 pondera
1043 434 1157 522 tergo.

279 541 435 618 Uberior
451 540 540 615 mihi
559 541 665 638 copia
681 541 795 617 fandi:

181 656 365 733 Maximus
383 657 442 732 hic
461 668 597 750 vatum,
618 658 679 756 qui
697 658 855 757 prodidit
871 660 991 736 indice
1009 658 1204 750 Christum,

281 773 379 872 (Non
396 772 526 848 fallunt
544 774 691 850 oracula
707 774 856 872 Christi)

180 889 366 964 Maximus
384 900 439 965 est
455 889 650 985 hominum,
668 891 781 966 totius
797 891 913 988 gloria
929 890 1062 984 mundi,

196 1067 197 1072 1
280 1003 502 1081 Continuum
518 1033 688 1082 mansura
704 1034 769 1106 per
787 1034 928 1083 aevum.

182 1119 257 1196 Hic
275 1132 489 1219 peccatores
506 1122 532 1197 J
536 1122 678 1198 ordanis
694 1123 840 1198 flumine
858 1122 1000 1221 mergit,

281 1236 373 1312 Esse
391 1237 495 1334 gravi
511 1238 688 1314 mundata
704 1238 825 1314 dolore

185 1352 339 1429 Sordida
357 1353 466 1428 corda
483 1353 618 1429 docens
634 1396 684 1411 -
700 1354 863 1429 renovati
881 1353 1034 1430 foederis
1052 1352 1193 1446 undam,

282 1469 385 1560 Quae
402 1468 500 1545 delet
516 1469 672 1567 vestigia
688 1469 825 1568 cnlpae,

183 1585 444 1682 Haeredesque
461 1584 559 1682 parit
573 1584 682 1678 coelo,
703 1585 885 1683 portendit
902 1585 1039 1681 imago!

281 1701 402 1774 Amne
420 1698 489 1775 Dei
505 1727 601 1776 nunc
616 1701 792 1798 mergitur
809 1702 947 1798 Agnus,

186 1817 302 1910 Quem
318 1842 510 1891 numerosa
526 1828 681 1912 gravant
697 1817 821 1892 mundi
839 1829 990 1916 peccata
1006 1815 1186 1892 nocentis:

283 1931 393 2008 Unda
409 1943 499 2030 typo
515 1930 699 2026 foecunda,
719 1932 900 2026 docemur,

188 2049 383 2148 Sanguinis
401 2047 504 2124 effusi
519 2049 610 2123 mira
627 2049 762 2125 virtute
780 2049 895 2124 lavari

283 2165 406 2263 Turpe
423 2163 534 2259 nefas,
555 2166 650 2264 quod
668 2165 798 2264 polluit
815 2192 949 2240 omnes.

186 2281 424 2358 Accumbunt
440 2307 598 2378 mensae,
618 2281 770 2379 dapibus
788 2291 981 2356 vescuntur
998 2278 1136 2378 opimis,

285 2396 337 2471 Et
354 2395 440 2471 laeti
452 2395 530 2494 jam
548 2396 633 2470 vina
650 2407 834 2492 coronant,
893 2480 894 2495 ,

186 2513 243 2587 En
260 2512 414 2610 pedibus
430 2511 572 2610 plaudit
586 2511 769 2587 revolutas
787 2523 863 2587 arto
880 2511 1028 2588 choreas

284 2627 369 2703 Heu
386 2627 503 2725 turpis
521 2628 597 2702 sine
615 2627 694 2725 lege
712 2626 849 2726 puella3

188 2744 356 2819 Praemia
372 2743 519 2818 saltanti
538 2742 690 2841 spondet
708 2770 745 2818 se
763 2743 865 2840 larga
882 2743 1050 2819 daturum

286 2858 462 2952 Herodes,
483 2868 674 2934 exaestuat
690 2859 744 2933 ira

189 2975 274 3050 Heu
292 2973 422 3049 mulier
438 2973 633 3049 furibunda
649 2974 749 3049 labro
767 2974 938 3049 damnata
953 2973 1116 3068 doannis,

285 3089 337 3164 Et
354 3089 449 3166 vatis
464 3100 655 3165 truncatur
672 3099 780 3164 acuto

189 3205 287 3284 Ense
304 3216 415 3303 caput
430 3247 480 3260 -·-
495 3205 646 3280 moritur
661 3206 802 3300 duatus,
823 3204 1028 3304 plectentur
1045 3203 1166 3302 iniqui,

287 3320 362 3400 Ora
379 3320 495 3416 silent,
515 3321 579 3396 sed
596 3333 698 3396 muta
714 3321 923 3420 loquunturl
