2988 4730
537 205 657 262 LIBER
688 204 853 260 TERTIUS

295 397 414 472 Nemo
431 393 580 469 nitescit
596 391 779 468 candidior
795 392 890 485 nive,

294 511 346 586 Et
363 537 471 609 saepe
484 510 603 608 justos
621 507 728 606 culpa
744 508 965 605 coinquinat:

392 626 595 701 Vertuntur
612 623 704 700 eheu
721 624 837 697 mixta
853 622 976 720 pravis

442 740 485 814 In
503 739 636 814 cariem
653 739 856 814 rubicunda
873 764 1017 836 poma...

295 975 372 1051 Vos
391 1001 411 1051 o
427 973 525 1050 beati
542 972 701 1048 numinis
719 971 883 1047 accolae!

295 1091 372 1167 Vos
391 1090 462 1164 urit
481 1115 605 1164 omnes
623 1087 762 1162 fervida
778 1087 920 1178 caritas,

393 1205 470 1280 Vos
489 1232 509 1278 o
528 1230 590 1279 cor
608 1229 719 1277 unum
737 1201 978 1300 sempiternus

442 1319 529 1396 Urit
547 1346 647 1394 amor
666 1319 743 1393 sine
761 1317 843 1392 labe
862 1317 998 1392 Patris!

295 1552 446 1650 Ingrata
462 1549 550 1626 belli
568 1549 755 1648 praeteriit
773 1549 859 1640 dies,

294 1668 373 1743 Pax
390 1666 529 1742 mulcet
548 1691 652 1740 aures
669 1664 836 1758 carmine,
857 1664 986 1761 byssus
1004 1691 1049 1739 en

392 1782 544 1857 Vestem
562 1782 719 1874 decorat,
740 1779 863 1878 palma
880 1779 1054 1873 dextram,

442 1897 624 1995 Tempora
641 1907 726 1970 sunt
743 1894 911 1971 redimita
928 1894 1039 1970 lauro.

297 2129 328 2206 Ο
346 2129 453 2205 turba
471 2128 614 2205 cunctis
632 2128 729 2204 edita
746 2128 926 2226 gentibue,

297 2245 386 2337 Quis
403 2255 440 2320 te
459 2245 584 2342 sagaci
601 2254 722 2320 mente
739 2247 950 2320 recenseat?

393 2360 478 2435 Non
496 2369 594 2435 astra
611 2359 715 2456 coeli,
733 2385 805 2435 non
823 2386 950 2435 arenas

369 2522 371 2528 ·
442 2477 600 2551 Assidno
617 2503 849 2552 numeramus
868 2503 939 2552 ore.

295 2709 399 2784 lvere
417 2720 559 2807 gentes:
579 2735 651 2783 una
668 2709 793 2784 subest
809 2709 888 2783 Deo

294 2824 395 2901 Gens
413 2836 511 2900 emta
529 2823 667 2900 Christi
686 2823 870 2922 sanguine,
889 2823 1062 2899 barbarae

391 2939 496 3014 lvere
514 2940 676 3038 linguae:
696 2966 839 3038 semper
856 2965 965 3014 unam

440 3056 585 3154 Lingua
602 3057 722 3132 crucis
739 3055 825 3131 facit
842 3082 915 3130 una
932 3065 1089 3154 gentem.

293 3284 471 3379 Matrona,
491 3286 603 3382 virgo,
624 3285 688 3380 vir,
709 3312 799 3385 puer
817 3295 853 3360 et
871 3312 990 3377 senex,

294 3399 426 3498 Reges,
444 3401 570 3495 coloni,
590 3412 715 3500 pastor
732 3413 769 3477 et
787 3400 927 3498 artifex,

367 3595 370 3598 ,
392 3516 708 3611 Milessacerdos,
728 3527 876 3591 nauta...
896 3541 1037 3614 semper

337 3695 340 3702 ,
440 3633 600 3708 Foedere
618 3632 873 3708 consociantur
890 3658 972 3706 uno.

294 3861 380 3937 Non
397 3863 472 3939 ulla
488 3891 607 3938 rerum
627 3864 732 3963 copia
749 3863 906 3955 coelites,

294 3977 379 4052 Non
397 3978 472 4054 ulla
490 4006 639 4054 avorum
658 3979 773 4076 gloria
790 3977 995 4077 praedicat:

394 4093 598 4171 Oensentur
617 4096 737 4172 exacti
755 4095 907 4189 labores,

442 4211 512 4288 Est
529 4211 627 4312 operi
645 4240 711 4288 sua
728 4211 858 4309 cuique
875 4233 1025 4284 meroes.
