2968 4732
685 227 897 286 CARMINUM

287 418 372 495 Non
390 429 502 518 unget
516 428 581 492 tua
598 417 760 494 membra
777 417 892 516 liquor
911 417 1070 493 sanantis
1088 417 1184 511 olivi,

385 534 424 610 Si
442 534 598 610 crudelis
616 545 702 631 agat
719 534 843 608 saucia
860 534 1022 609 membra
1040 534 1162 609 dolor?

285 651 412 730 Morbo
430 650 626 727 decumbas
643 649 773 747 longo?
791 649 1004 746 veniamque
1021 676 1148 748 rogare

385 767 508 842 Mente
526 765 630 863 inops
647 767 829 862 nequeas?
847 764 885 839 Si
904 765 1082 840 tumulbre
1099 767 1212 841 mari?

287 881 337 956 Et
353 881 524 958 barathro
540 883 703 979 mergare
719 882 826 978 truci,
845 880 972 956 feriare
989 881 1140 958 dolone?

385 997 423 1074 si
440 1008 477 1072 te
497 1023 607 1072 saeva
623 1006 725 1071 voret
742 995 909 1071 flamma?
926 997 1110 1074 Memento
1128 999 1234 1072 mori!

290 1113 370 1204 Quo
386 1114 537 1187 moriere
555 1112 656 1188 loeo?
673 1111 772 1187 Num
790 1124 826 1187 te
844 1124 907 1186 tua
924 1113 1057 1187 condet
1074 1113 1190 1188 amica

383 1231 443 1304 An
460 1229 651 1327 peregrina
667 1228 816 1304 domus?
834 1229 944 1304 Forte
961 1228 1093 1325 platea,
1113 1227 1239 1322 forum,

288 1344 416 1420 Mensa
434 1355 560 1442 parata
578 1344 668 1436 cibo,
689 1343 784 1436 lude,
804 1343 967 1418 conferta
984 1344 1134 1436 theatra,

383 1461 471 1556 A'ra,
489 1460 650 1550 taberna,
670 1469 780 1552 torus,
800 1485 942 1557 pascua,
963 1486 1055 1552 rura,
1075 1486 1212 1555 nemuS,

288 1574 514 1672 Suppliciive
532 1574 629 1650 locus
647 1574 821 1671 pallentia
838 1575 999 1650 membra
1017 1574 1206 1649 videbunt!

383 1690 513 1765 Nescit
529 1690 636 1764 homo
654 1690 771 1782 finem,
791 1690 964 1788 temporis
981 1691 1054 1766 ima
1072 1690 1147 1765 dies

287 1805 361 1882 Uni
377 1817 464 1882 nota
482 1806 577 1882 Deol
596 1806 678 1881 Tibi
696 1805 868 1881 diluxisse
887 1833 1095 1904 supremum

386 1923 538 1999 Omnem
557 1922 664 1998 crede
682 1922 788 1997 diem.
809 1921 973 1996 Pondera
991 1948 1083 2019 pone
1101 1921 1173 1997 cito
1220 1995 1226 2004 ,

288 2037 451 2112 Pondera
468 2037 618 2134 peceati,
637 2024 708 2112 nori
727 2045 782 2111 est
798 2037 1033 2111 truculentior
1051 2036 1173 2129 hostis,

383 2153 508 2229 Effusa
526 2152 672 2228 Domini
690 2153 864 2249 sanguine
882 2152 992 2230 corda
1009 2152 1103 2249 lava,

290 2267 332 2343 In
348 2295 455 2343 cruce
472 2281 578 2367 parta
596 2269 702 2362 salus,
723 2281 760 2344 et
776 2295 863 2344 crux
881 2267 972 2344 feret
990 2295 1061 2344 una
1079 2269 1245 2362 salutem,

384 2384 589 2459 Dummodo
606 2384 655 2458 sit
671 2384 754 2460 fidei
772 2385 1000 2460 consociatus
1017 2411 1125 2477 amor,

287 2498 481 2575 Detestare
498 2500 608 2592 nefas,
629 2499 772 2597 elapsae
790 2501 941 2575 crimina
958 2501 1066 2593 vitae,

385 2614 507 2690 Pande
526 2615 715 2690 sacerdoti.
736 2615 775 2690 Si
793 2615 941 2690 meliora
957 2615 1097 2714 probes,

287 2730 327 2809 Si
345 2757 482 2829 poenae
499 2730 678 2829 placeant,
697 2758 786 2829 quas
803 2731 936 2807 vindex
952 2731 1097 2828 irrogat,
1119 2758 1252 2826 omnes,

387 2846 496 2922 Sacra
512 2873 640 2921 manus
660 2847 801 2922 veniam
820 2847 890 2939 dat,
910 2858 1083 2922 revocata
1099 2846 1193 2952 redit

232 3023 236 3030 .
292 2962 368 3036 Pax
386 2961 531 3037 Domini
549 2961 715 3037 redimita
732 2962 855 3054 comis,
868 2987 947 3061 pax
966 2987 1037 3036 una
1055 2962 1232 3060 voluptas,

383 3077 466 3169 Qua
481 3077 582 3152 nulla
599 3089 655 3154 est
672 3079 799 3175 potior,
819 3077 968 3168 Quaerit
985 3104 1115 3154 avarus
1132 3105 1234 3176 opes:

287 3193 425 3270 Exulat
442 3193 537 3268 alma
554 3194 669 3291 quies3
689 3220 800 3269 uanos
818 3193 996 3268 ambimus
1014 3193 1179 3268 honores:

388 3309 474 3385 Otia
489 3334 560 3383 non
578 3308 728 3404 faciunt,
746 3308 890 3405 ignibus
908 3308 1011 3382 ardet
1029 3335 1135 3401 amor,

290 3425 421 3502 Omnia
436 3424 637 3520 turbantur,
656 3424 745 3499 facit
762 3423 984 3520 experientia
1001 3434 1148 3500 cautum
1165 3465 1214 3477 -

386 3539 490 3615 Unus
508 3552 605 3614 meta
621 3539 738 3614 Deus!
758 3540 811 3614 Te
829 3550 945 3631 vocat,
966 3540 1024 3636 eja
1043 3537 1194 3637 (precor)

290 3654 410 3754 Carpe
428 3655 552 3730 salutis
570 3654 648 3750 iter,
667 3654 807 3752 praefer
824 3680 993 3729 mansura
1011 3654 1164 3746 caducis,

176 3759 180 3765 ⁴
387 3771 529 3868 Rumpe
546 3796 674 3863 moras,
694 3769 800 3863 Tulli,
820 3780 856 3844 te
873 3796 971 3868 rogo,
991 3796 1106 3867 curre,
1125 3769 1223 3844 vola!

289 3886 327 3959 N
329 3912 420 3960 orme
437 3896 558 3961 monet
575 3886 765 3962 Dominus:
786 3885 956 3984 Vigilate,
978 3897 1093 3962 estote
1111 3883 1251 3982 parati?
1320 3917 1324 3926 ·

387 4002 462 4076 Fac
481 4012 521 4077 ut
538 4001 643 4078 vivus
661 4029 769 4094 amec,
789 4011 826 4077 et
841 4000 1004 4076 morieris
1022 4001 1163 4076 amans!

290 4117 389 4192 Mors
406 4116 496 4190 echo
514 4117 620 4210 vitae,
640 4143 736 4192 mors
753 4116 881 4189 ultima
897 4115 992 4187 linea
1010 4116 1116 4208 uitae,

386 4229 455 4306 Est
467 4231 630 4326 jucunda
647 4232 749 4306 bonis
766 4227 1001 4322 terribilisque
1019 4229 1139 4304 malis!
