<?xml version="1.0" encoding="UTF-8"?>
<!DOCTYPE html PUBLIC "-//W3C//DTD XHTML 1.0 Transitional//EN"
    "http://www.w3.org/TR/xhtml1/DTD/xhtml1-transitional.dtd">
<html xmlns="http://www.w3.org/1999/xhtml" xml:lang="en" lang="en">
 <head>
  <title>
</title>
<meta http-equiv="Content-Type" content="text/html;charset=utf-8" />
  <meta name='ocr-system' content='tesseract 3.04.00' />
  <meta name='ocr-capabilities' content='ocr_page ocr_carea ocr_par ocr_line ocrx_word'/>
</head>
<body>
  <div class='ocr_page' id='page_1' title='image "./carminumlibrioc00schngoog_0369.png"; bbox 0 0 2972 4738; ppageno 0'>
   <div class='ocr_carea' id='block_1_1' title="bbox 146 211 842 274">
    <p class='ocr_par' dir='ltr' id='par_1_1' title="bbox 146 211 842 274">
     <span class='ocr_line' id='line_1_1' title="bbox 146 211 842 274; baseline 0.003 -6"><span class='ocrx_word' id='word_1_1' title='bbox 146 211 205 268; x_wconf 50' lang='grc' dir='ltr'>Χ304</span> <span class='ocrx_word' id='word_1_2' title='bbox 628 215 842 274; x_wconf 84' lang='lat' dir='ltr'>CARMINUM</span> 
     </span>
    </p>
   </div>
   <div class='ocr_carea' id='block_1_2' title="bbox 154 403 448 485">
    <p class='ocr_par' dir='ltr' id='par_1_2' title="bbox 154 403 448 485">
     <span class='ocr_line' id='line_1_2' title="bbox 154 403 448 485; baseline -0.024 0"><span class='ocrx_word' id='word_1_3' title='bbox 154 406 306 485; x_wconf 80' lang='lat' dir='ltr'>Concha</span> <span class='ocrx_word' id='word_1_4' title='bbox 322 403 448 481; x_wconf 80' lang='lat' dir='ltr'>marist</span> 
     </span>
    </p>
   </div>
   <div class='ocr_carea' id='block_1_3' title="bbox 156 518 1238 4218">
    <p class='ocr_par' dir='ltr' id='par_1_3' title="bbox 156 518 1238 4210">
     <span class='ocr_line' id='line_1_3' title="bbox 251 518 1101 616; baseline -0.004 -19"><span class='ocrx_word' id='word_1_5' title='bbox 251 521 324 612; x_wconf 83' lang='lat' dir='ltr'><strong>(O.)</strong></span> <span class='ocrx_word' id='word_1_6' title='bbox 341 519 471 595; x_wconf 78' lang='lat' dir='ltr'>desum</span> <span class='ocrx_word' id='word_1_7' title='bbox 489 518 675 594; x_wconf 76' lang='lat' dir='ltr'>Christum</span> <span class='ocrx_word' id='word_1_8' title='bbox 693 518 940 616; x_wconf 78' lang='lat' dir='ltr'>spectabimus</span> <span class='ocrx_word' id='word_1_9' title='bbox 959 518 1101 594; x_wconf 86' lang='lat' dir='ltr'>omnes!</span> 
     </span>
     <span class='ocr_line' id='line_1_4' title="bbox 156 633 1033 732; baseline -0.008 -17"><span class='ocrx_word' id='word_1_10' title='bbox 156 639 233 715; x_wconf 80' lang='lat' dir='ltr'>Cur</span> <span class='ocrx_word' id='word_1_11' title='bbox 248 649 287 712; x_wconf 89' lang='grc'>11</span> <span class='ocrx_word' id='word_1_12' title='bbox 304 662 376 712; x_wconf 92' lang='lat' dir='ltr'>non</span> <span class='ocrx_word' id='word_1_13' title='bbox 394 633 480 732; x_wconf 73' lang='lat' dir='ltr'>vidi,</span> <span class='ocrx_word' id='word_1_14' title='bbox 499 634 644 709; x_wconf 86' lang='lat' dir='ltr'>stabulo</span> <span class='ocrx_word' id='word_1_15' title='bbox 661 660 772 731; x_wconf 90' lang='lat' dir='ltr'>quum</span> <span class='ocrx_word' id='word_1_16' title='bbox 791 645 899 709; x_wconf 90' lang='lat' dir='ltr'>natus</span> <span class='ocrx_word' id='word_1_17' title='bbox 917 660 1033 731; x_wconf 87' lang='lat' dir='ltr'>egeno</span> 
     </span>
     <span class='ocr_line' id='line_1_5' title="bbox 156 749 1075 852; baseline -0.007 -22"><span class='ocrx_word' id='word_1_18' title='bbox 156 753 347 852; x_wconf 86' lang='lat' dir='ltr'>Praescpis</span> <span class='ocrx_word' id='word_1_19' title='bbox 365 752 513 844; x_wconf 80' lang='lat' dir='ltr'>foenum</span> <span class='ocrx_word' id='word_1_20' title='bbox 530 777 725 850; x_wconf 83' lang='lat' dir='ltr'>premeres,</span> <span class='ocrx_word' id='word_1_21' title='bbox 744 749 903 826; x_wconf 85' lang='lat' dir='ltr'>Herodis</span> <span class='ocrx_word' id='word_1_22' title='bbox 921 751 967 825; x_wconf 93' lang='lat' dir='ltr'>ob</span> <span class='ocrx_word' id='word_1_23' title='bbox 986 751 1075 826; x_wconf 88' lang='lat' dir='ltr'>iram</span> 
     </span>
     <span class='ocr_line' id='line_1_6' title="bbox 156 867 1127 968; baseline -0.006 -21"><span class='ocrx_word' id='word_1_24' title='bbox 156 873 368 968; x_wconf 85' lang='lat' dir='ltr'>Aegyptum</span> <span class='ocrx_word' id='word_1_25' title='bbox 387 868 561 967; x_wconf 88' lang='lat' dir='ltr'>profugus</span> <span class='ocrx_word' id='word_1_26' title='bbox 578 877 733 964; x_wconf 74' lang='lat' dir='ltr'>peteres,</span> <span class='ocrx_word' id='word_1_27' title='bbox 752 867 958 964; x_wconf 85' lang='lat' dir='ltr'>multosque</span> <span class='ocrx_word' id='word_1_28' title='bbox 977 867 1127 942; x_wconf 91' lang='lat' dir='ltr'>doceres</span> 
     </span>
     <span class='ocr_line' id='line_1_7' title="bbox 156 983 940 1085; baseline -0.005 -23"><span class='ocrx_word' id='word_1_29' title='bbox 156 985 302 1085; x_wconf 81' lang='lat' dir='ltr'>Templi</span> <span class='ocrx_word' id='word_1_30' title='bbox 319 985 497 1076; x_wconf 88' lang='lat' dir='ltr'>doctores,</span> <span class='ocrx_word' id='word_1_31' title='bbox 519 983 669 1058; x_wconf 88' lang='lat' dir='ltr'>mutatis</span> <span class='ocrx_word' id='word_1_32' title='bbox 688 984 773 1057; x_wconf 86' lang='lat' dir='ltr'>vina</span> <span class='ocrx_word' id='word_1_33' title='bbox 790 1009 940 1081; x_wconf 86' lang='lat' dir='ltr'>parares</span> 
     </span>
     <span class='ocr_line' id='line_1_8' title="bbox 157 1098 1122 1199; baseline -0.003 -22"><span class='ocrx_word' id='word_1_34' title='bbox 157 1102 290 1178; x_wconf 86' lang='lat' dir='ltr'>Fontis</span> <span class='ocrx_word' id='word_1_35' title='bbox 303 1101 415 1199; x_wconf 83' lang='lat' dir='ltr'>aquis,</span> <span class='ocrx_word' id='word_1_36' title='bbox 435 1099 655 1198; x_wconf 87' lang='lat' dir='ltr'>latitansque</span> <span class='ocrx_word' id='word_1_37' title='bbox 673 1099 709 1173; x_wconf 94' lang='lat' dir='ltr'>in</span> <span class='ocrx_word' id='word_1_38' title='bbox 727 1099 814 1174; x_wconf 90' lang='lat' dir='ltr'>celsi</span> <span class='ocrx_word' id='word_1_39' title='bbox 831 1100 970 1176; x_wconf 89' lang='lat' dir='ltr'>vertice</span> <span class='ocrx_word' id='word_1_40' title='bbox 989 1098 1122 1174; x_wconf 87' lang='lat' dir='ltr'>montis</span> 
     </span>
     <span class='ocr_line' id='line_1_9' title="bbox 157 1215 959 1312; baseline -0.004 -18"><span class='ocrx_word' id='word_1_41' title='bbox 157 1218 354 1295; x_wconf 82' lang='lat' dir='ltr'>Candidior</span> <span class='ocrx_word' id='word_1_42' title='bbox 370 1216 515 1291; x_wconf 87' lang='lat' dir='ltr'>nivibus</span> <span class='ocrx_word' id='word_1_43' title='bbox 533 1242 599 1312; x_wconf 90' lang='lat' dir='ltr'>par</span> <span class='ocrx_word' id='word_1_44' title='bbox 617 1215 683 1290; x_wconf 86' lang='lat' dir='ltr'>soli</span> <span class='ocrx_word' id='word_1_45' title='bbox 701 1215 784 1291; x_wconf 88' lang='grc'>11111</span> <span class='ocrx_word' id='word_1_46' title='bbox 802 1217 959 1291; x_wconf 80' lang='lat' dir='ltr'>nitores?</span> 
     </span>
     <span class='ocr_line' id='line_1_10' title="bbox 158 1331 1024 1428; baseline -0.006 -17"><span class='ocrx_word' id='word_1_47' title='bbox 158 1335 233 1411; x_wconf 86' lang='lat' dir='ltr'>Our</span> <span class='ocrx_word' id='word_1_48' title='bbox 249 1345 286 1409; x_wconf 92' lang='lat' dir='ltr'>te</span> <span class='ocrx_word' id='word_1_49' title='bbox 303 1359 375 1408; x_wconf 91' lang='lat' dir='ltr'>non</span> <span class='ocrx_word' id='word_1_50' title='bbox 394 1332 477 1424; x_wconf 84' lang='lat' dir='ltr'>vidi,</span> <span class='ocrx_word' id='word_1_51' title='bbox 498 1358 609 1428; x_wconf 92' lang='lat' dir='ltr'>quum</span> <span class='ocrx_word' id='word_1_52' title='bbox 628 1358 712 1406; x_wconf 86' lang='lat' dir='ltr'>caro</span> <span class='ocrx_word' id='word_1_53' title='bbox 730 1331 900 1407; x_wconf 90' lang='lat' dir='ltr'>conditus</span> <span class='ocrx_word' id='word_1_54' title='bbox 918 1331 1024 1408; x_wconf 84' lang='lat' dir='ltr'>horto</span> 
     </span>
     <span class='ocr_line' id='line_1_11' title="bbox 158 1445 1078 1548; baseline -0.008 -21"><span class='ocrx_word' id='word_1_55' title='bbox 158 1449 322 1548; x_wconf 84' lang='lat' dir='ltr'>Supplex</span> <span class='ocrx_word' id='word_1_56' title='bbox 340 1475 469 1540; x_wconf 87' lang='lat' dir='ltr'>orares,</span> <span class='ocrx_word' id='word_1_57' title='bbox 490 1446 650 1522; x_wconf 90' lang='lat' dir='ltr'>tumidus</span> <span class='ocrx_word' id='word_1_58' title='bbox 669 1472 778 1544; x_wconf 92' lang='lat' dir='ltr'>quum</span> <span class='ocrx_word' id='word_1_59' title='bbox 798 1445 906 1522; x_wconf 89' lang='lat' dir='ltr'>sudor</span> <span class='ocrx_word' id='word_1_60' title='bbox 924 1447 960 1520; x_wconf 91' lang='lat' dir='ltr'>in</span> <span class='ocrx_word' id='word_1_61' title='bbox 979 1457 1078 1521; x_wconf 87' lang='lat' dir='ltr'>artus</span> 
     </span>
     <span class='ocr_line' id='line_1_12' title="bbox 157 1563 1012 1663; baseline -0.004 -22"><span class='ocrx_word' id='word_1_62' title='bbox 157 1566 241 1660; x_wconf 86' lang='lat' dir='ltr'>Iret,</span> <span class='ocrx_word' id='word_1_63' title='bbox 262 1593 372 1663; x_wconf 91' lang='lat' dir='ltr'>quum</span> <span class='ocrx_word' id='word_1_64' title='bbox 389 1563 497 1661; x_wconf 84' lang='lat' dir='ltr'>rigidi</span> <span class='ocrx_word' id='word_1_65' title='bbox 514 1563 715 1638; x_wconf 80' lang='lat' dir='ltr'>lacerarent</span> <span class='ocrx_word' id='word_1_66' title='bbox 732 1574 878 1660; x_wconf 84' lang='lat' dir='ltr'>tergora</span> <span class='ocrx_word' id='word_1_67' title='bbox 895 1563 1012 1659; x_wconf 82' lang='lat' dir='ltr'>funes,</span> 
     </span>
     <span class='ocr_line' id='line_1_13' title="bbox 159 1678 1109 1781; baseline -0.007 -22"><span class='ocrx_word' id='word_1_68' title='bbox 159 1683 273 1781; x_wconf 83' lang='lat' dir='ltr'>Spina</span> <span class='ocrx_word' id='word_1_69' title='bbox 290 1680 402 1754; x_wconf 85' lang='lat' dir='ltr'>infixa</span> <span class='ocrx_word' id='word_1_70' title='bbox 417 1691 528 1776; x_wconf 88' lang='lat' dir='ltr'>caput</span> <span class='ocrx_word' id='word_1_71' title='bbox 544 1689 728 1776; x_wconf 86' lang='lat' dir='ltr'>torqueret</span> <span class='ocrx_word' id='word_1_72' title='bbox 745 1688 923 1776; x_wconf 90' lang='lat' dir='ltr'>tempora,</span> <span class='ocrx_word' id='word_1_73' title='bbox 944 1678 1109 1771; x_wconf 84' lang='lat' dir='ltr'>frontem,</span> 
     </span>
     <span class='ocr_line' id='line_1_14' title="bbox 156 1794 1046 1894; baseline -0.002 -22"><span class='ocrx_word' id='word_1_74' title='bbox 156 1799 200 1872; x_wconf 88' lang='lat' dir='ltr'>ln</span> <span class='ocrx_word' id='word_1_75' title='bbox 218 1823 323 1874; x_wconf 91' lang='lat' dir='ltr'>cruce</span> <span class='ocrx_word' id='word_1_76' title='bbox 342 1794 521 1894; x_wconf 86' lang='lat' dir='ltr'>penderes</span> <span class='ocrx_word' id='word_1_77' title='bbox 535 1795 702 1891; x_wconf 82' lang='lat' dir='ltr'>moriens,</span> <span class='ocrx_word' id='word_1_78' title='bbox 723 1794 905 1892; x_wconf 85' lang='lat' dir='ltr'>validique</span> <span class='ocrx_word' id='word_1_79' title='bbox 922 1806 1046 1870; x_wconf 88' lang='lat' dir='ltr'>retusa</span> 
     </span>
     <span class='ocr_line' id='line_1_15' title="bbox 157 1909 1113 2010; baseline -0.005 -22"><span class='ocrx_word' id='word_1_80' title='bbox 157 1913 304 1988; x_wconf 89' lang='lat' dir='ltr'>Palmas</span> <span class='ocrx_word' id='word_1_81' title='bbox 323 1923 432 2010; x_wconf 88' lang='lat' dir='ltr'>atque</span> <span class='ocrx_word' id='word_1_82' title='bbox 449 1911 562 2008; x_wconf 89' lang='lat' dir='ltr'>pedes</span> <span class='ocrx_word' id='word_1_83' title='bbox 580 1910 804 1985; x_wconf 78' lang='lat' dir='ltr'>terebrarent</span> <span class='ocrx_word' id='word_1_84' title='bbox 823 1909 973 2008; x_wconf 83' lang='lat' dir='ltr'>cuspide</span> <span class='ocrx_word' id='word_1_85' title='bbox 991 1909 1113 1985; x_wconf 83' lang='lat' dir='ltr'>clavi?</span> 
     </span>
     <span class='ocr_line' id='line_1_16' title="bbox 159 2025 1114 2124; baseline -0.006 -20"><span class='ocrx_word' id='word_1_86' title='bbox 159 2029 241 2122; x_wconf 81' lang='lat' dir='ltr'>Quo</span> <span class='ocrx_word' id='word_1_87' title='bbox 259 2028 377 2103; x_wconf 84' lang='lat' dir='ltr'>feror?</span> <span class='ocrx_word' id='word_1_88' title='bbox 395 2027 438 2101; x_wconf 92' lang='lat' dir='ltr'>In</span> <span class='ocrx_word' id='word_1_89' title='bbox 456 2026 560 2102; x_wconf 89' lang='lat' dir='ltr'>coelo</span> <span class='ocrx_word' id='word_1_90' title='bbox 577 2038 614 2101; x_wconf 91' lang='lat' dir='ltr'>te</span> <span class='ocrx_word' id='word_1_91' title='bbox 633 2053 805 2124; x_wconf 90' lang='lat' dir='ltr'>sponsum</span> <span class='ocrx_word' id='word_1_92' title='bbox 824 2053 958 2123; x_wconf 87' lang='lat' dir='ltr'>sponsa</span> <span class='ocrx_word' id='word_1_93' title='bbox 975 2025 1114 2117; x_wconf 81' lang='lat' dir='ltr'>videbo,</span> 
     </span>
     <span class='ocr_line' id='line_1_17' title="bbox 158 2141 1056 2240; baseline -0.006 -21"><span class='ocrx_word' id='word_1_94' title='bbox 158 2143 243 2218; x_wconf 90' lang='lat' dir='ltr'>Non</span> <span class='ocrx_word' id='word_1_95' title='bbox 261 2143 388 2219; x_wconf 88' lang='lat' dir='ltr'>habitu</span> <span class='ocrx_word' id='word_1_96' title='bbox 407 2142 537 2217; x_wconf 89' lang='lat' dir='ltr'>servi...</span> <span class='ocrx_word' id='word_1_97' title='bbox 555 2153 597 2218; x_wconf 90' lang='lat' dir='ltr'>tu</span> <span class='ocrx_word' id='word_1_98' title='bbox 615 2142 795 2240; x_wconf 90' lang='lat' dir='ltr'>quondam</span> <span class='ocrx_word' id='word_1_99' title='bbox 813 2141 937 2217; x_wconf 85' lang='lat' dir='ltr'>fabula</span> <span class='ocrx_word' id='word_1_100' title='bbox 955 2141 1056 2238; x_wconf 84' lang='lat' dir='ltr'>vulgi</span> 
     </span>
     <span class='ocr_line' id='line_1_18' title="bbox 160 2257 1080 2350; baseline -0.002 -16"><span class='ocrx_word' id='word_1_101' title='bbox 160 2261 241 2335; x_wconf 85' lang='lat' dir='ltr'>Rex</span> <span class='ocrx_word' id='word_1_102' title='bbox 258 2259 307 2332; x_wconf 91' lang='lat' dir='ltr'>ibi</span> <span class='ocrx_word' id='word_1_103' title='bbox 326 2258 472 2333; x_wconf 82' lang='lat' dir='ltr'>Christe</span> <span class='ocrx_word' id='word_1_104' title='bbox 490 2257 595 2333; x_wconf 87' lang='lat' dir='ltr'>sedes</span> <span class='ocrx_word' id='word_1_105' title='bbox 614 2270 762 2333; x_wconf 90' lang='lat' dir='ltr'>aeterna</span> <span class='ocrx_word' id='word_1_106' title='bbox 778 2257 861 2332; x_wconf 90' lang='lat' dir='ltr'>luce</span> <span class='ocrx_word' id='word_1_107' title='bbox 879 2283 1080 2350; x_wconf 86' lang='lat' dir='ltr'>coruscans,</span> 
     </span>
     <span class='ocr_line' id='line_1_19' title="bbox 161 2371 1139 2470; baseline -0.004 -20"><span class='ocrx_word' id='word_1_108' title='bbox 161 2377 308 2470; x_wconf 84' lang='lat' dir='ltr'>Quanta</span> <span class='ocrx_word' id='word_1_109' title='bbox 324 2373 535 2448; x_wconf 88' lang='lat' dir='ltr'>cicatricum</span> <span class='ocrx_word' id='word_1_110' title='bbox 553 2371 642 2447; x_wconf 91' lang='lat' dir='ltr'>mihi</span> <span class='ocrx_word' id='word_1_111' title='bbox 660 2372 785 2470; x_wconf 85' lang='lat' dir='ltr'>gloria,</span> <span class='ocrx_word' id='word_1_112' title='bbox 806 2371 962 2464; x_wconf 84' lang='lat' dir='ltr'>Christe,</span> <span class='ocrx_word' id='word_1_113' title='bbox 983 2371 1139 2469; x_wconf 80' lang='lat' dir='ltr'>patebit!</span> 
     </span>
     <span class='ocr_line' id='line_1_20' title="bbox 258 2485 1238 2585; baseline -0.002 -23"><span class='ocrx_word' id='word_1_114' title='bbox 258 2489 335 2585; x_wconf 84' lang='grc'>(1).)</span> <span class='ocrx_word' id='word_1_115' title='bbox 354 2488 422 2562; x_wconf 87' lang='lat' dir='ltr'>Est</span> <span class='ocrx_word' id='word_1_116' title='bbox 439 2489 566 2584; x_wconf 87' lang='lat' dir='ltr'>regina</span> <span class='ocrx_word' id='word_1_117' title='bbox 582 2487 656 2585; x_wconf 92' lang='lat' dir='ltr'>poli</span> <span class='ocrx_word' id='word_1_118' title='bbox 674 2488 905 2563; x_wconf 89' lang='lat' dir='ltr'>sanctissima</span> <span class='ocrx_word' id='word_1_119' title='bbox 922 2487 1038 2583; x_wconf 86' lang='lat' dir='ltr'>Virgo</span> <span class='ocrx_word' id='word_1_120' title='bbox 1056 2485 1184 2579; x_wconf 85' lang='lat' dir='ltr'>Maria,</span> <span class='ocrx_word' id='word_1_121' title='bbox 1232 2535 1238 2544; x_wconf 91' lang='lat'>·</span> 
     </span>
     <span class='ocr_line' id='line_1_21' title="bbox 161 2601 1067 2701; baseline -0.002 -22"><span class='ocrx_word' id='word_1_122' title='bbox 161 2605 278 2696; x_wconf 86' lang='lat' dir='ltr'>Quam</span> <span class='ocrx_word' id='word_1_123' title='bbox 296 2630 368 2679; x_wconf 92' lang='lat' dir='ltr'>non</span> <span class='ocrx_word' id='word_1_124' title='bbox 384 2601 510 2678; x_wconf 84' lang='lat' dir='ltr'>infecit</span> <span class='ocrx_word' id='word_1_125' title='bbox 529 2613 717 2678; x_wconf 84' lang='lat' dir='ltr'>contracta</span> <span class='ocrx_word' id='word_1_126' title='bbox 735 2604 780 2678; x_wconf 88' lang='lat' dir='ltr'>ab</span> <span class='ocrx_word' id='word_1_127' title='bbox 800 2603 937 2701; x_wconf 84' lang='lat' dir='ltr'>origine</span> <span class='ocrx_word' id='word_1_128' title='bbox 955 2602 1067 2696; x_wconf 84' lang='lat' dir='ltr'>labes,</span> 
     </span>
     <span class='ocr_line' id='line_1_22' title="bbox 160 2720 1003 2818; baseline -0.004 -21"><span class='ocrx_word' id='word_1_129' title='bbox 160 2723 263 2814; x_wconf 80' lang='lat' dir='ltr'>Quae</span> <span class='ocrx_word' id='word_1_130' title='bbox 281 2747 423 2818; x_wconf 84' lang='lat' dir='ltr'>semper</span> <span class='ocrx_word' id='word_1_131' title='bbox 439 2720 549 2794; x_wconf 90' lang='lat' dir='ltr'>nituit</span> <span class='ocrx_word' id='word_1_132' title='bbox 566 2731 714 2795; x_wconf 86' lang='lat' dir='ltr'>servata</span> <span class='ocrx_word' id='word_1_133' title='bbox 732 2720 812 2818; x_wconf 89' lang='lat' dir='ltr'>lege</span> <span class='ocrx_word' id='word_1_134' title='bbox 830 2720 1003 2818; x_wconf 87' lang='lat' dir='ltr'>parentis,</span> 
     </span>
     <span class='ocr_line' id='line_1_23' title="bbox 160 2834 1018 2935; baseline -0.005 -21"><span class='ocrx_word' id='word_1_135' title='bbox 160 2839 218 2914; x_wconf 88' lang='lat' dir='ltr'>Ne</span> <span class='ocrx_word' id='word_1_136' title='bbox 236 2837 371 2912; x_wconf 83' lang='lat' dir='ltr'>leviore</span> <span class='ocrx_word' id='word_1_137' title='bbox 383 2835 535 2933; x_wconf 87' lang='lat' dir='ltr'>quidem</span> <span class='ocrx_word' id='word_1_138' title='bbox 554 2834 715 2910; x_wconf 87' lang='lat' dir='ltr'>foedavit</span> <span class='ocrx_word' id='word_1_139' title='bbox 732 2847 881 2934; x_wconf 88' lang='lat' dir='ltr'>pectora</span> <span class='ocrx_word' id='word_1_140' title='bbox 898 2835 1018 2935; x_wconf 87' lang='lat' dir='ltr'>culpa,</span> 
     </span>
     <span class='ocr_line' id='line_1_24' title="bbox 160 2951 1130 3052; baseline -0.005 -23"><span class='ocrx_word' id='word_1_141' title='bbox 160 2954 276 3052; x_wconf 88' lang='lat' dir='ltr'>Virgo</span> <span class='ocrx_word' id='word_1_142' title='bbox 293 2953 362 3028; x_wconf 89' lang='lat' dir='ltr'>Dei</span> <span class='ocrx_word' id='word_1_143' title='bbox 380 2951 547 3050; x_wconf 72' lang='lat' dir='ltr'>genituri,</span> <span class='ocrx_word' id='word_1_144' title='bbox 569 2979 678 3050; x_wconf 88' lang='lat' dir='ltr'>quam</span> <span class='ocrx_word' id='word_1_145' title='bbox 694 2952 841 3026; x_wconf 88' lang='lat' dir='ltr'>flamma</span> <span class='ocrx_word' id='word_1_146' title='bbox 858 2953 981 3026; x_wconf 88' lang='lat' dir='ltr'>suavis</span> <span class='ocrx_word' id='word_1_147' title='bbox 999 2952 1130 3026; x_wconf 89' lang='lat' dir='ltr'>amoris</span> 
     </span>
     <span class='ocr_line' id='line_1_25' title="bbox 160 3069 921 3167; baseline -0.001 -23"><span class='ocrx_word' id='word_1_148' title='bbox 160 3069 307 3167; x_wconf 84' lang='lat' dir='ltr'>Eripuit</span> <span class='ocrx_word' id='word_1_149' title='bbox 324 3069 429 3166; x_wconf 82' lang='lat' dir='ltr'>vivis,</span> <span class='ocrx_word' id='word_1_150' title='bbox 448 3069 558 3143; x_wconf 87' lang='lat' dir='ltr'>radiis</span> <span class='ocrx_word' id='word_1_151' title='bbox 576 3069 629 3143; x_wconf 91' lang='lat' dir='ltr'>sol</span> <span class='ocrx_word' id='word_1_152' title='bbox 648 3096 778 3144; x_wconf 87' lang='lat' dir='ltr'>aureus</span> <span class='ocrx_word' id='word_1_153' title='bbox 797 3069 921 3165; x_wconf 78' lang='lat' dir='ltr'>ambit,</span> 
     </span>
     <span class='ocr_line' id='line_1_26' title="bbox 160 3184 980 3290; baseline 0 -28"><span class='ocrx_word' id='word_1_154' title='bbox 160 3185 275 3283; x_wconf 78' lang='lat' dir='ltr'>Cujus</span> <span class='ocrx_word' id='word_1_155' title='bbox 294 3197 390 3290; x_wconf 85' lang='lat' dir='ltr'>serta</span> <span class='ocrx_word' id='word_1_156' title='bbox 407 3196 519 3282; x_wconf 89' lang='lat' dir='ltr'>caput</span> <span class='ocrx_word' id='word_1_157' title='bbox 535 3184 689 3260; x_wconf 83' lang='lat' dir='ltr'>bissenis</span> <span class='ocrx_word' id='word_1_158' title='bbox 707 3185 846 3282; x_wconf 88' lang='lat' dir='ltr'>inclyta</span> <span class='ocrx_word' id='word_1_159' title='bbox 864 3185 980 3262; x_wconf 89' lang='lat' dir='ltr'>stellis</span> 
     </span>
     <span class='ocr_line' id='line_1_27' title="bbox 162 3300 1145 3398; baseline 0 -22"><span class='ocrx_word' id='word_1_160' title='bbox 162 3300 311 3394; x_wconf 76' lang='lat' dir='ltr'>Omont,</span> <span class='ocrx_word' id='word_1_161' title='bbox 331 3300 418 3376; x_wconf 87' lang='lat' dir='ltr'>luna</span> <span class='ocrx_word' id='word_1_162' title='bbox 436 3301 560 3376; x_wconf 89' lang='lat' dir='ltr'>subest</span> <span class='ocrx_word' id='word_1_163' title='bbox 577 3300 739 3398; x_wconf 89' lang='lat' dir='ltr'>pedibus,</span> <span class='ocrx_word' id='word_1_164' title='bbox 761 3301 890 3398; x_wconf 91' lang='lat' dir='ltr'>quibus</span> <span class='ocrx_word' id='word_1_165' title='bbox 909 3312 988 3377; x_wconf 87' lang='lat' dir='ltr'>atra</span> <span class='ocrx_word' id='word_1_166' title='bbox 1005 3329 1145 3377; x_wconf 87' lang='lat' dir='ltr'>venena</span> 
     </span>
     <span class='ocr_line' id='line_1_28' title="bbox 161 3415 977 3513; baseline 0.001 -22"><span class='ocrx_word' id='word_1_167' title='bbox 161 3415 336 3491; x_wconf 79' lang='lat' dir='ltr'>Calcatus</span> <span class='ocrx_word' id='word_1_168' title='bbox 353 3415 499 3492; x_wconf 90' lang='lat' dir='ltr'>coluber</span> <span class='ocrx_word' id='word_1_169' title='bbox 516 3416 694 3513; x_wconf 90' lang='lat' dir='ltr'>spumosis</span> <span class='ocrx_word' id='word_1_170' title='bbox 713 3417 873 3492; x_wconf 87' lang='lat' dir='ltr'>faucibus</span> <span class='ocrx_word' id='word_1_171' title='bbox 891 3416 977 3492; x_wconf 89' lang='lat' dir='ltr'>edit.</span> 
     </span>
     <span class='ocr_line' id='line_1_29' title="bbox 160 3531 1053 3631; baseline 0.006 -26"><span class='ocrx_word' id='word_1_172' title='bbox 160 3531 238 3606; x_wconf 89' lang='lat' dir='ltr'>Nos</span> <span class='ocrx_word' id='word_1_173' title='bbox 257 3531 351 3606; x_wconf 89' lang='lat' dir='ltr'>oculi</span> <span class='ocrx_word' id='word_1_174' title='bbox 368 3558 552 3629; x_wconf 88' lang='lat' dir='ltr'>nunquam</span> <span class='ocrx_word' id='word_1_175' title='bbox 569 3542 606 3606; x_wconf 90' lang='grc'>11</span> <span class='ocrx_word' id='word_1_176' title='bbox 625 3531 792 3624; x_wconf 86' lang='lat' dir='ltr'>vidimus,</span> <span class='ocrx_word' id='word_1_177' title='bbox 812 3559 832 3606; x_wconf 96' lang='lat' dir='ltr'>o</span> <span class='ocrx_word' id='word_1_178' title='bbox 850 3533 911 3631; x_wconf 88' lang='lat' dir='ltr'>pia</span> <span class='ocrx_word' id='word_1_179' title='bbox 928 3533 1053 3631; x_wconf 78' lang='lat' dir='ltr'>Virgo,</span> 
     </span>
     <span class='ocr_line' id='line_1_30' title="bbox 162 3646 952 3747; baseline 0.003 -25"><span class='ocrx_word' id='word_1_180' title='bbox 162 3646 193 3722; x_wconf 93' lang='lat' dir='ltr'>O</span> <span class='ocrx_word' id='word_1_181' title='bbox 211 3673 337 3743; x_wconf 90' lang='lat' dir='ltr'>regum</span> <span class='ocrx_word' id='word_1_182' title='bbox 356 3647 506 3740; x_wconf 87' lang='lat' dir='ltr'>soboles,</span> <span class='ocrx_word' id='word_1_183' title='bbox 527 3673 597 3746; x_wconf 87' lang='lat' dir='ltr'>qua</span> <span class='ocrx_word' id='word_1_184' title='bbox 620 3674 691 3722; x_wconf 92' lang='lat' dir='ltr'>non</span> <span class='ocrx_word' id='word_1_185' title='bbox 710 3647 849 3722; x_wconf 82' lang='lat' dir='ltr'>felicior</span> <span class='ocrx_word' id='word_1_186' title='bbox 867 3648 952 3747; x_wconf 81' lang='lat' dir='ltr'>ulla,</span> 
     </span>
     <span class='ocr_line' id='line_1_31' title="bbox 160 3762 1066 3865; baseline 0.006 -29"><span class='ocrx_word' id='word_1_187' title='bbox 160 3762 290 3836; x_wconf 87' lang='lat' dir='ltr'>Paucis</span> <span class='ocrx_word' id='word_1_188' title='bbox 308 3763 386 3837; x_wconf 88' lang='lat' dir='ltr'>visa</span> <span class='ocrx_word' id='word_1_189' title='bbox 403 3790 542 3860; x_wconf 86' lang='lat' dir='ltr'>parens,</span> <span class='ocrx_word' id='word_1_190' title='bbox 563 3764 649 3838; x_wconf 93' lang='lat' dir='ltr'>dum</span> <span class='ocrx_word' id='word_1_191' title='bbox 667 3763 787 3838; x_wconf 86' lang='lat' dir='ltr'>fausto</span> <span class='ocrx_word' id='word_1_192' title='bbox 805 3765 955 3841; x_wconf 52' lang='lat' dir='ltr'>numine*</span> <span class='ocrx_word' id='word_1_193' title='bbox 970 3767 1066 3865; x_wconf 88' lang='lat' dir='ltr'>rapti</span> 
     </span>
     <span class='ocr_line' id='line_1_32' title="bbox 160 3877 1090 3976; baseline 0.004 -24"><span class='ocrx_word' id='word_1_194' title='bbox 160 3879 203 3953; x_wconf 91' lang='lat' dir='ltr'>ln</span> <span class='ocrx_word' id='word_1_195' title='bbox 221 3877 363 3953; x_wconf 89' lang='lat' dir='ltr'>coelum</span> <span class='ocrx_word' id='word_1_196' title='bbox 381 3879 551 3976; x_wconf 90' lang='lat' dir='ltr'>precibus</span> <span class='ocrx_word' id='word_1_197' title='bbox 567 3880 752 3954; x_wconf 88' lang='lat' dir='ltr'>flammato</span> <span class='ocrx_word' id='word_1_198' title='bbox 770 3880 876 3955; x_wconf 90' lang='lat' dir='ltr'>corde</span> <span class='ocrx_word' id='word_1_199' title='bbox 895 3881 1090 3958; x_wconf 86' lang='lat' dir='ltr'>vacabant.</span> 
     </span>
     <span class='ocr_line' id='line_1_33' title="bbox 159 3992 1057 4092; baseline 0.004 -24"><span class='ocrx_word' id='word_1_200' title='bbox 159 3992 282 4069; x_wconf 81' lang='lat' dir='ltr'>Affore</span> <span class='ocrx_word' id='word_1_201' title='bbox 301 4021 406 4091; x_wconf 88' lang='lat' dir='ltr'>spero</span> <span class='ocrx_word' id='word_1_202' title='bbox 424 3994 519 4068; x_wconf 90' lang='lat' dir='ltr'>diem</span> <span class='ocrx_word' id='word_1_203' title='bbox 521 4022 623 4092; x_wconf 87' lang='lat' dir='ltr'>‚qua</span> <span class='ocrx_word' id='word_1_204' title='bbox 639 3996 693 4069; x_wconf 88' lang='lat' dir='ltr'>vit</span> <span class='ocrx_word' id='word_1_205' title='bbox 695 4023 736 4070; x_wconf 89' lang='lat' dir='ltr'>ae</span> <span class='ocrx_word' id='word_1_206' title='bbox 756 3997 911 4071; x_wconf 85' lang='lat' dir='ltr'>stamina</span> <span class='ocrx_word' id='word_1_207' title='bbox 929 3997 1057 4074; x_wconf 87' lang='lat' dir='ltr'>mortis</span> 
     </span>
     <span class='ocr_line' id='line_1_34' title="bbox 158 4109 1119 4218; baseline 0.008 -35"><span class='ocrx_word' id='word_1_208' title='bbox 158 4109 795 4208; x_wconf 60' lang='grc'>1111111111111111111111111111</span> <span class='ocrx_word' id='word_1_209' title='bbox 813 4111 947 4187; x_wconf 86' lang='lat' dir='ltr'>labe</span> <span class='ocrx_word' id='word_1_210' title='bbox 912 4139 1119 4218; x_wconf 86' lang='lat' dir='ltr'>prorum</span> 
     </span>
    </p>
   </div>
   <div class='ocr_carea' id='block_1_4' title="bbox 157 4183 1312 4343">
    <p class='ocr_par' dir='ltr' id='par_1_4' title="bbox 157 4183 1312 4343">
     <span class='ocr_line' id='line_1_35' title="bbox 157 4183 1312 4343; baseline 0.003 -43"><span class='ocrx_word' id='word_1_211' title='bbox 157 4226 376 4324; x_wconf 85' lang='lat' dir='ltr'>Agminibus</span> <span class='ocrx_word' id='word_1_212' title='bbox 395 4225 561 4301; x_wconf 88' lang='lat' dir='ltr'>sociabor</span> <span class='ocrx_word' id='word_1_213' title='bbox 579 4253 771 4323; x_wconf 74' lang='lat' dir='ltr'>ovans,o·</span> <span class='ocrx_word' id='word_1_214' title='bbox 972 4183 1186 4287; x_wconf 48' lang='lat' dir='ltr'>*Q*</span> <span class='ocrx_word' id='word_1_215' title='bbox 1273 4293 1312 4343; x_wconf 37' lang='lat' dir='ltr'><em>w</em></span> 
     </span>
    </p>
   </div>
   <div class='ocr_carea' id='block_1_5' title="bbox 0 0 1496 4738">
    <p class='ocr_par' dir='ltr' id='par_1_5' title="bbox 0 0 1496 4738">
     <span class='ocr_line' id='line_1_36' title="bbox 0 0 1496 4738; baseline 0 0"><span class='ocrx_word' id='word_1_216' title='bbox 0 0 1496 4738; x_wconf 95' lang='lat' dir='ltr'> </span> 
     </span>
    </p>
   </div>
  </div>
 </body>
</html>
