3040 4732
686 221 899 278 CARMINUM

704 745 807 822 ODE
835 746 883 820 Il.

683 1021 902 1097 crumas.
986 1093 1012 1110 ,.

475 1300 583 1353 Caritas
601 1316 738 1368 nunquam
758 1301 863 1353 cecidit.
885 1299 913 1368 (1
933 1298 992 1354 Gor.
1013 1298 1056 1366 13,
1075 1297 1116 1367 8).

389 1568 495 1644 Eheu
512 1570 588 1644 vita
606 1569 705 1644 volat
721 1596 794 1645 non
812 1567 955 1668 patiens
972 1596 1106 1663 morae,

390 1685 579 1761 Labuntur
591 1686 769 1783 juvenum
787 1685 901 1760 lustra
919 1685 1056 1781 suavia,

391 1800 619 1899 Sparguntur
634 1800 780 1876 nivibus
797 1812 971 1898 tempora,
991 1799 1155 1900 languidi

487 1916 695 1992 Firmantur
710 1917 840 1992 baculo
858 1916 981 2014 pedes.

388 2151 495 2228 Eheu
513 2151 703 2251 praecipiti
720 2151 878 2226 fluminis
895 2151 1044 2249 impetu,

388 2268 440 2343 Et
455 2279 557 2343 motu
574 2267 690 2366 rapidi
707 2266 861 2364 fulguris
879 2294 992 2365 ocyus

389 2383 488 2458 Armi
504 2382 706 2481 diffugiunt,
726 2383 955 2459 irrevocabili

486 2499 580 2574 Fato
596 2509 806 2595 praeterunt
823 2498 911 2574 dies.

388 2732 439 2807 Et
456 2760 551 2808 mors
568 2731 658 2807 falce
675 2730 780 2807 metit
796 2731 933 2828 pallida
949 2758 1111 2830 corpora,

388 2849 439 2923 Et
455 2849 561 2924 busto
578 2847 685 2945 rigidi
702 2847 889 2923 condimur
906 2847 1027 2943 uvido,

387 2965 439 3040 Et
454 2975 580 3040 manat
597 2963 726 3062 senice,
744 2975 782 3039 et
799 2963 1023 3061 superadditi

485 3079 571 3154 Heu
587 3106 653 3156 nos
670 3078 855 3155 vermiculi
872 3091 1013 3154 vorant.

387 3312 566 3412 Deplorat
583 3313 739 3411 genitrix
756 3313 883 3388 funera
900 3311 981 3409 filii;

386 3429 596 3506 Tabescunt
612 3429 783 3527 lacrymis
801 3429 937 3504 lumina
954 3429 1131 3527 conjugis,
1205 3445 1208 3450 '

385 3545 552 3621 Fratrem
570 3572 655 3620 cara
672 3571 779 3637 soror,
798 3545 860 3619 flet
876 3543 1044 3620 comitem
1061 3571 1194 3638 comes,

483 3660 606 3758 Luget
622 3661 742 3759 patria
760 3659 963 3736 Caesarem.

302 3899 312 3922 ⁶
387 3874 491 3965 Tunc
507 3891 568 3988 qui
586 3889 760 3966 sollicitus
776 3918 847 3965 non
866 3890 942 3967 sine
960 3890 1111 3967 crimine

386 4007 560 4104 Ingentes
577 4007 719 4105 peperit
737 4006 883 4081 divitias
901 4007 978 4100 sibi,

387 4123 565 4198 Immotus
582 4122 699 4197 timidi
717 4123 903 4220 questibus
920 4123 1046 4219 indigi,

484 4239 621 4336 Torpet
637 4239 785 4314 consilio
803 4239 882 4312 Dei.
