2968 4732
195 220 247 275 194
669 225 880 282 CARMINUM

245 413 337 488 Auri
355 437 455 488 sacra
472 412 600 488 fames:
620 411 724 487 obolo
743 412 943 510 spoliantur
961 413 1075 509 egeni,

342 527 444 604 Gaza
459 528 533 604 ruit
551 570 600 581 -
618 527 685 602 sibi
703 527 802 602 lucra
814 526 942 602 labore

245 643 295 718 Et
312 643 459 718 Domini
476 643 611 718 virtute
629 655 736 741 parat
752 669 854 721 mens
871 643 1013 719 conscia
1029 644 1135 721 recti:

341 759 397 834 Ac
414 785 555 857 semper
571 761 662 835 bene
680 769 786 857 parta
802 770 973 835 reservat.

210 877 212 881 ’
245 874 526 972 Oonglomerata
543 874 702 972 phalanx
721 874 849 950 studiis
867 874 1066 972 asperrima
1083 875 1170 951 belli

342 981 426 1065 Ndn
444 1001 564 1083 terret,
586 990 646 1088 qui
664 989 802 1088 poplite
818 989 912 1066 flexo

155 1147 156 1152 =
244 1105 357 1181 Tollit
374 1106 420 1180 ad
437 1116 534 1182 astra
550 1132 689 1181 manus.
709 1105 752 1179 In
770 1105 864 1181 valle
882 1105 1069 1204 repellitur
1093 1106 1217 1202 hostis,

342 1220 439 1296 Dum
458 1221 618 1318 Superos
635 1220 671 1294 in
690 1233 811 1296 monte
828 1220 959 1322 fatigat

245 1337 474 1412 Amramides
492 1335 656 1434 suppleri,
676 1336 852 1434 finditque
870 1337 1032 1435 precatio
1050 1338 1174 1430 nubes,
1209 1401 1210 1404 ,

341 1452 419 1528 Nec
437 1452 526 1527 solio
543 1451 697 1527 discedit
716 1451 876 1550 Olympi,

245 1565 294 1641 Ni
312 1566 412 1643 Deus
430 1567 658 1665 omnipotens
675 1566 797 1641 faciles
815 1567 1065 1643 accommodet
1084 1594 1199 1644 aures.

302 1699 303 1706 ’
342 1681 413 1760 Ore
431 1709 559 1781 preces
576 1683 759 1758 exercitus
776 1682 904 1779 ingens

244 1797 399 1891 Fundat,
420 1810 460 1873 ut
477 1797 690 1872 indomitam
709 1798 764 1874 vis
782 1808 884 1872 tanta
900 1808 1063 1873 coereeat
1080 1798 1170 1874 iram

342 1913 476 1989 Divina
493 1913 629 1989 virtute
647 1913 802 1988 leonum.

243 2028 327 2103 Non
346 2029 447 2103 dabit
464 2054 536 2102 una
552 2053 700 2119 merum,
722 2053 813 2126 quae
832 2026 1010 2125 prominet
1028 2052 1099 2102 uva
1121 2054 1275 2122 racemo,

342 2144 551 2220 Innumeras
569 2143 638 2218 fert
655 2129 762 2217 vinea
778 2143 917 2236 baccae,

245 2259 374 2357 Sicque
393 2260 502 2335 cados
520 2270 643 2335 onerat
660 2269 851 2355 spumante
868 2257 1005 2357 liquore
1023 2259 1178 2352 colonus,

341 2375 552 2450 Innumeros
570 2373 670 2470 capit
687 2400 769 2448 area
787 2373 933 2466 culmos

243 2489 327 2564 Non
345 2490 445 2565 daret
462 2516 534 2564 una
551 2516 684 2586 penum
702 2488 966 2586 quantumlibet
983 2515 1091 2565 aurea
1109 2491 1215 2587 spica,

341 2605 461 2696 Quum
477 2604 576 2680 coelo
594 2603 795 2679 demittitur
811 2602 934 2695 imber,

244 2719 283 2796 Si
300 2731 414 2818 poteo,
434 2747 604 2796 enumera
621 2730 752 2817 guttas,
774 2719 903 2816 quibus
921 2745 1007 2794 arva
1025 2721 1243 2815 madescunt,

340 2836 436 2927 Quot
452 2835 560 2911 radiis
579 2835 631 2911 sol
648 2835 775 2932 igneus
792 2833 910 2914 ardet!

241 2951 391 3028 Viribus
408 2951 517 3026 unitis
535 2950 678 3026 dabitur
696 2950 914 3025 victoria-
931 2949 1047 3048 longo,

339 3066 464 3164 Longo
484 3065 655 3164 (inquam)
676 3066 872 3142 certamine
891 3065 1006 3141 fessus

114 3167 117 3178 ¹
241 3182 366 3258 Victor
383 3192 477 3276 ovat,
496 3223 545 3235 —
561 3183 682 3279 magni
700 3181 924 3258 terebrantur
942 3181 1079 3256 viscera
1097 3183 1242 3278 montis,

342 3297 387 3374 Et
405 3308 529 3395 portus
548 3297 750 3372 conduntur
768 3296 884 3389 amici,

242 3411 541 3510 Construiturque
558 3413 694 3507 domus,
715 3414 775 3488 via
792 3414 906 3490 ferrea
923 3427 1085 3513 permeat
1103 3416 1224 3509 urbes

337 3528 472 3604 Fervet
490 3555 589 3625 opus,
609 3528 696 3604 dant
714 3540 875 3634 tempora
893 3530 1015 3606 finem:

109 3678 111 3688 =
240 3640 330 3717 Fide
348 3642 435 3736 Dec,
457 3643 634 3719 contende
652 3644 723 3738 diu,
743 3645 982 3742 praetervolet
1000 3646 1099 3744 hora,

336 3757 386 3831 Et
403 3757 514 3834 faciet
530 3785 602 3857 pax
620 3760 695 3835 otia
711 3760 816 3835 laeto.
