3030 4734
609 231 727 285 marna
755 231 922 301 nunnus

344 417 495 494 Ocelum
515 417 686 492 continuo
703 445 761 492 me
778 429 886 510 tenet,
908 445 929 492 a
946 418 1052 493 domo

344 532 465 609 Avelli
482 559 622 631 nequeo
641 533 759 608 Patris
777 533 951 625 amabilis,

343 651 504 726 Aeterna
521 649 639 746 patria
657 649 742 746 qnid
761 648 975 746 pretiosius?

441 763 537 855 Quid
554 775 601 856 te,
623 763 772 859 barbita,
791 764 957 861 dignius?

343 985 448 1071 Mens
466 995 653 1070 desideriis
671 995 742 1070 icta
759 993 925 1070 fidelibus

345 1111 572 1187 Circumfusa
588 1111 680 1187 nitet
698 1111 778 1186 luce
798 1111 977 1204 scientiae,

346 1227 622 1325 Contemplatur
640 1254 751 1302 ovans
768 1226 934 1324 prodigio
952 1253 1045 1302 novo

441 1343 613 1420 Immensi
630 1343 761 1420 faciem
779 1342 859 1416 Dei.

346 1577 524 1676 Explorat
542 1577 684 1674 sapiens
702 1576 810 1651 docta
827 1576 1010 1650 volumina

344 1694 483 1769 Noctes
501 1704 609 1790 atque
627 1691 716 1768 dies:
737 1702 841 1788 gutta
859 1692 963 1766 datur
980 1690 1075 1764 siti...

345 1809 428 1884 Non
446 1809 589 1884 discunt
608 1806 752 1906 Superi:
770 1807 915 1880 numine
933 1805 1084 1905 provido

445 1923 580 2000 Omnes
599 1921 784 1998 Oceanum
803 1922 943 1996 bibunt.

347 2153 547 2248 Fortunata
564 2148 710 2226 cchorst
731 2151 855 2225 sedula
871 2161 912 2225 tu
929 2176 1072 2224 crucem

347 2269 529 2344 Versabas
545 2267 721 2361 manibus,
738 2293 846 2364 quum
865 2276 1069 2362 premerent
1082 2264 1193 2363 pedes

348 2383 455 2458 Hanc
471 2394 615 2478 terram,
633 2383 748 2480 pretio
766 2408 852 2455 crux
871 2381 1113 2478 supereminet

447 2496 581 2573 Omnes
600 2495 761 2594 (credite)
782 2495 934 2571 codices.
986 2543 992 2558 ·

348 2732 486 2806 Doctos
504 2757 575 2805 una
592 2729 687 2828 parit
705 2756 794 2804 crux
813 2728 1040 2825 venerabilis
1129 2747 1134 2757 ‘

348 2847 599 2944 Aeternaeque
617 2845 726 2920 Fides
744 2869 816 2920 una
833 2845 1004 2920 scientiae

349 2961 420 3036 Est
436 2971 562 3056 mater,
580 2961 722 3036 brevior
739 2960 824 3034 dum
843 2971 943 3059 patet
960 2959 1049 3036 haec
1068 2960 1137 3053 via,

447 3075 521 3175 Our
539 3103 602 3175 per
621 3076 726 3150 devia
744 3076 946 3150 volvimur?

349 3307 535 3405 Ambages
553 3307 698 3382 adamat
714 3319 799 3381 trux
817 3307 1003 3405 sapientia,

350 3422 501 3497 Errores
519 3433 668 3519 generat
685 3422 782 3497 foeta
800 3424 976 3521 superbia,

350 3537 498 3613 Infirma
516 3549 572 3628 est
588 3539 689 3632 ratic,
709 3549 821 3614 nocte»
834 3540 1047 3636 reconditur,

450 3653 550 3745 Quae
567 3652 673 3729 lunae
688 3654 789 3754 radio
806 3654 928 3730 micat.

353 3881 582 3958 Occumbunt
599 3885 709 3981 pueri,
731 3911 820 3982 quos
837 3885 934 3960 furor
951 3884 1114 3961 aemulus

352 3998 476 4072 Divini
494 4000 595 4097 pueri
614 4000 769 4092 sustulit,
790 4001 894 4076 edere

353 4114 523 4189 Nondum
547 4115 671 4213 lingna
688 4115 786 4192 valet
803 4118 920 4210 verba,
941 4117 1004 4196 sed
1022 4145 1105 4194 ecce
1118 4117 1197 4215 jam

451 4231 604 4326 Norunt,
624 4259 715 4330 quae
734 4233 857 4308 docuit
874 4233 986 4310 Deus.
