2972 4738
194 219 248 272 278
671 224 885 281 OARMINUM

91 440 93 448 ⁴
196 413 340 506 Pocula,
360 411 553 511 praecipiti
570 410 750 487 feriuntur
767 382 921 510 fulguris
938 412 1025 510 ictu,

197 527 419 604 Comminuit
437 525 576 602 laceros
595 538 694 602 artus
713 526 773 601 via
789 527 905 604 ferrea
922 555 1041 604 curru.

196 645 250 720 Ut
267 643 391 742 cupidi
408 642 529 741 pisces
547 642 655 730 harno
673 642 867 740 capiuntur
886 644 1037 739 adunco,

195 761 360 858 Argutae
377 758 544 833 volucres
561 757 735 832 falluntur
754 785 857 834 casse
874 760 1011 835 tenaci:

195 879 295 952 Mors
312 875 463 973 inopina
476 884 579 949 secat
596 873 769 969 fugientis
787 874 943 952 stamina
960 876 1074 950 vitae!

292 992 499 1067 Tabescunt
517 989 587 1083 alii,
606 1016 673 1064 nec
690 989 816 1066 adesse
833 990 998 1088 pericula
1015 991 1141 1066 mortis

196 1106 366 1186 Ostendit
382 1105 554 1199 medicus,
575 1131 703 1180 vecors
720 1105 855 1180 fiducia
872 1106 969 1181 vitae

195 1224 344 1322 Decipit
361 1223 542 1316 incautos;
559 1262 609 1273 —
627 1219 688 1294 alii
706 1220 892 1316 praeclara
908 1231 1076 1297 recusant

195 1340 451 1416 Emolumenta
468 1337 588 1412 crucis
607 1335 754 1432 longum
772 1363 944 1412 mansura
961 1363 1025 1434 per
1043 1364 1187 1414 aevum:

195 1458 275 1532 Neo
294 1480 406 1549 mora,
423 1451 505 1526 finis
524 1451 628 1526 adest
644 1493 694 1504 -
711 1451 892 1526 obscoena
908 1452 1087 1528 cadavera
1104 1465 1260 1552 torpent,

195 1574 317 1669 Atque
336 1569 476 1644 animae
493 1578 619 1666 putres
637 1567 793 1641 aeternis
811 1567 956 1664 ignibus
975 1569 1118 1645 ardent!

296 1687 368 1785 (D.)
389 1686 537 1782 Tityrus
555 1683 614 1758 hio
632 1694 757 1758 noster
774 1683 913 1758 meliori
931 1696 1027 1760 sorte
1044 1686 1173 1760 beatus

194 1804 225 1878 F
229 1803 374 1902 ulgidus
391 1802 557 1876 immensi
576 1799 668 1875 coeli
687 1799 865 1898 spatiatur
882 1801 920 1874 in
938 1801 1021 1876 oris.

195 1921 279 1994 Non
296 1929 400 2017 patet
416 1917 453 1990 in
471 1915 618 2014 speculo
635 1915 708 1990 cari
726 1915 901 2012 genitoris
918 1916 1049 2013 imago,

88 2045 90 2050 '
163 2119 166 2128 Ι
195 2036 428 2110 Praesentem
447 2031 561 2127 videt3
581 2031 678 2105 haud
695 2031 793 2106 bello
810 2033 956 2108 turbata
972 2033 1108 2108 minaci

196 2151 275 2225 Pax
292 2149 343 2224 ibi
362 2173 505 2246 semper
523 2157 623 2242 ovat3
643 2145 815 2242 fulgescit
831 2145 987 2222 candida
1004 2147 1126 2240 vestis,

84 2335 90 2346 .
194 2267 245 2340 Et
262 2266 396 2342 virides
414 2263 530 2361 agitat
547 2262 635 2337 felix
653 2262 803 2337 victoria
820 2261 977 2360 palmas!

295 2378 371 2478 (M.)
385 2380 492 2454 Forte
505 2377 631 2476 agitat,
651 2367 817 2474 Daphne,
833 2404 904 2452 non
922 2405 1029 2476 posse
1046 2377 1234 2453 recondita
1251 2380 1339 2456 coeli

194 2498 274 2571 Nos
292 2495 456 2570 homines
473 2492 627 2566 lustrare
645 2492 757 2567 oculis
774 2519 917 2585 arcana,
938 2504 1135 2591 mement03

195 2611 314 2709 Saepe
332 2609 442 2685 etiam
459 2607 606 2682 latitant
623 2607 686 2682 imi
703 2608 904 2706 penetralia
921 2610 1057 2685 cordis!

195 2727 292 2820 Quot
308 2725 445 2800 nemori
462 2724 616 2817 frondes,
637 2735 723 2821 quot
741 2735 846 2799 vasto
863 2724 982 2800 sidera
999 2721 1115 2801 coelo:

193 2843 267 2918 Tot
283 2841 409 2917 naevis
427 2839 537 2915 etiam
556 2864 656 2913 mens
673 2839 766 2914 recti
782 2840 927 2915 conscia
945 2840 1076 2916 sordet.

192 2958 320 3032 Ardua
337 2955 550 3055 promeritas
567 2954 698 3029 minuit
715 2954 892 3052 patientia
909 2982 1055 3054 poenas,

192 3073 273 3149 Nec
291 3099 373 3147 raro
390 3071 559 3147 obliterat
575 3097 722 3168 prorsus
738 3113 788 3124 --
804 3097 891 3145 num
909 3071 1058 3168 Tityrus
1077 3098 1210 3166 omnes,
1290 3059 1292 3065 ⁸

192 3189 320 3264 Donec
340 3199 417 3263 erat
434 3187 550 3280 vivus,
571 3185 730 3261 delevit?
747 3187 822 3262 Dat
839 3213 980 3285 quoquo
993 3187 1109 3284 judex

194 3305 397 3380 Poenarum
414 3302 574 3378 veniaml
595 3301 728 3377 Decies
747 3302 808 3400 qui
827 3301 926 3377 mille
944 3302 1084 3378 talenta

192 3418 354 3494 Donavit
370 3417 550 3516 precibus,
570 3443 657 3491 num
675 3417 823 3494 sustulit
840 3418 961 3493 omnia
979 3445 1124 3516 prorsus

192 3533 328 3611 Debita
345 3533 531 3610 defuncti?
548 3532 699 3608 'Pitubat
717 3533 909 3631 sententia,
927 3533 1101 3632 Daphnel

195 3647 356 3746 Spesque
375 3649 502 3724 timore
518 3648 633 3724 cadit!
654 3647 694 3722 Si
712 3648 804 3724 forte
822 3648 1008 3747 piantibus
1025 3650 1121 3726 idern

192 3764 333 3839 Ardeat
348 3765 385 3839 in
401 3765 565 3859 flammis,
584 3791 650 3840 nos
668 3765 761 3841 ferre
780 3766 946 3841 levamen
965 3778 1116 3864 oportet.

291 3878 365 3977 (D.)
384 3880 500 3978 Filius
517 3892 573 3956 est
589 3891 722 3974 noster,
743 3908 814 3979 quo
830 3908 902 3956 non
920 3882 1161 3979 praestantior
1180 3882 1294 3960 ullust

192 3995 360 4070 Fundere
377 4006 499 4072 mente
516 4024 641 4097 preces
653 3999 771 4096 juvat,
793 3997 898 4074 edere
917 4025 1008 4074 voce
1026 4009 1204 4096 parentes,

192 4110 277 4185 Non
294 4137 431 4211 parcas,
451 4113 515 4188 sed
532 4112 676 4190 abunde
688 4114 806 4212 juvat,
826 4114 913 4188 dum
930 4113 1114 4189 montibus
1133 4113 1209 4189 exit

188 4225 380 4326 Fulgidus,
400 4239 438 4306 et
454 4229 576 4305 rubeis
593 4230 679 4306 dum
698 4230 752 4306 sol
769 4230 997 4328 immergitur
1014 4232 1132 4308 undis
