3040 4732
666 202 879 258 CARMINUM

401 391 471 470 Oui
489 402 622 468 cuncta
640 416 754 488 prono
772 388 889 464 sidera
907 387 1039 462 vertice

401 507 613 585 Subduntur
630 507 701 599 uni,
722 531 828 603 quem
845 503 969 602 genuit
989 503 1097 579 Pater

498 624 680 698 Aeternus
698 632 897 716 aeternum,
916 631 953 696 et
970 619 1077 694 beato

547 738 662 835 Virgo
680 736 779 812 dedit
795 761 969 833 generosa
986 744 1102 833 partu,

403 969 512 1046 Panis
529 967 646 1066 figura
662 966 846 1042 conditur!
868 965 900 1042 O
918 966 995 1042 dies

402 1085 544 1183 Regina
562 1083 672 1180 salve,
691 1111 762 1182 qua
779 1082 1042 1159 reminiscimur

501 1200 673 1276 Portenta
690 1200 830 1293 amoris,
850 1226 921 1297 qua
938 1197 1154 1275 canendum:

550 1316 618 1391 Est
636 1342 735 1390 amor
752 1315 958 1413 ingeniosus
976 1314 1095 1424 Agnil

405 1544 552 1620 Urbane
570 1541 694 1618 laudes
711 1542 877 1618 carminis
895 1541 1028 1640 accipe,

404 1661 455 1735 Et
471 1661 496 1736 J
500 1660 656 1735 ulianam
674 1659 784 1735 dicite
803 1657 989 1757 virginem,

502 1775 657 1850 Exsulto
675 1786 787 1868 vates,
806 1801 864 1850 me
884 1775 1005 1849 suavis

551 1891 731 1967 Continuo
748 1891 843 1988 rapit
862 1889 921 1964 hic
940 1888 1154 1986 triumphus.

400 2125 563 2201 Tradant
582 2124 711 2201 Sabaei
728 2125 836 2200 thura
853 2122 1062 2222 fragrantia,

405 2241 600 2340 Mittatque
617 2269 779 2340 gemmas
797 2241 901 2316 India
918 2238 1082 2338 fulgidae,

503 2360 664 2458 Aurique
681 2361 836 2459 pondus:
855 2359 961 2434 turba
979 2357 1071 2456 Regi

552 2477 662 2552 Ferre
679 2476 804 2575 nequit
821 2475 962 2574 potiora
980 2474 1084 2549 dona.

406 2707 480 2784 Sed
497 2706 635 2783 fallor...
655 2707 723 2784 hoc
742 2719 797 2784 est
814 2734 877 2784 cor
893 2708 1086 2807 pretiosius

408 2821 572 2911 Gemmis
589 2834 627 2899 et
645 2849 765 2898 auro..
785 2823 894 2899 corda
911 2824 976 2899 tibi
995 2823 1131 2918 damus,

384 2943 405 3031 ’,
495 2941 529 3017 'J
533 2968 596 3017 esu
614 2941 819 3039 Redemtor,
839 2943 943 3040 cujus
961 2940 1046 3016 olim

555 3056 628 3133 Oor
644 3069 807 3134 tenerum
824 3057 1030 3155 penetravit
1046 3057 1162 3133 hasta.

408 3291 511 3368 Ictus
528 3291 669 3368 trisulci
688 3291 856 3385 fulminis,
877 3291 1044 3366 imbrium

407 3409 546 3484 Averte
562 3395 685 3501 moles,
705 3406 1004 3482 immedicabilem

507 3526 652 3600 Pestem
670 3534 804 3618 coerce,
824 3523 918 3621 pelle
936 3523 1068 3600 crudae

556 3642 699 3717 Damna
715 3640 820 3716 famis
838 3639 1024 3737 rabidique
1041 3639 1139 3714 belli.

409 3879 441 3953 F
444 3904 486 3954 ac
504 3903 549 3952 ne
567 3876 679 3952 citato
696 3876 830 3952 funeris
847 3877 985 3974 impetu

411 3993 525 4071 Strati
541 4019 688 4069 ruamus
705 4020 776 4068 non
793 3993 932 4090 moniti,
950 3990 1074 4090 procul

511 4107 592 4186 Sint
608 4120 743 4185 cuncta
759 4107 982 4201 detrimenta,
1002 4133 1137 4206 poenas

557 4229 750 4306 Tartareas
769 4224 991 4327 (rogitamus)
1011 4251 1102 4302 arce.
