2968 4732
196 185 247 242 196
668 193 881 250 CARMINUM

247 381 330 457 Non
348 381 418 457 fuit
434 381 529 456 ullus
547 380 654 456 homo
672 381 769 457 felici
787 378 940 479 Virgine
959 382 1090 471 demta,

343 497 476 571 Nullus
496 497 602 572 homo
620 498 850 595 generabitur
866 524 1024 594 unquam

249 614 349 688 Labe
366 640 491 688 carens
509 614 617 709 omni,
636 614 720 688 dum
739 613 835 688 vitae
854 614 1015 710 carpitur
1033 639 1127 704 aura,

345 730 396 803 Et
413 730 525 805 vestis
543 731 716 804 mundata
734 730 879 806 lavacro
1053 817 1055 825 ,

250 845 427 920 Polluitur
444 845 595 920 maculis
613 846 803 943 sordetque
821 845 1068 943 frequentibus
1087 843 1193 940 eheu3

347 960 430 1035 Una
448 960 544 1036 salus
561 961 598 1034 in
617 961 790 1058 sanguine
809 960 961 1036 Christi!

250 1077 363 1151 Nulla
381 1076 477 1152 salus
494 1077 642 1170 miseria,
662 1076 699 1149 ni
716 1076 869 1151 flammis
887 1077 996 1151 corda
1013 1075 1204 1168 calescant,

346 1193 395 1268 Ni
413 1193 591 1289 lacrymae
608 1193 768 1266 cieantur
786 1219 939 1267 amarae.

249 1309 300 1384 Et
316 1319 508 1384 renovatus
525 1308 632 1383 homo
650 1319 754 1382 vasto
771 1309 984 1388 contendere
996 1315 1127 1404 'campo

348 1425 639 1523 Circumquaque
657 1423 855 1499 furentibus
874 1423 966 1498 eheu

250 1540 428 1616 Hostibus
446 1567 638 1639 oppressus
656 1539 779 1614 divina
795 1539 875 1636 lege
888 1539 1052 1636 jubetur3
1136 1525 1139 1538 ⁸

347 1657 454 1731 Miles
471 1656 586 1749 homo,
608 1655 816 1730 discrimina
832 1653 918 1729 belli

250 1772 377 1865 Multa,
397 1771 496 1848 dabit
516 1772 616 1869 vigili
635 1771 765 1846 laetam
784 1770 936 1846 victoria
953 1769 1109 1868 palmam

348 1887 528 1963 Continuo
547 1886 719 1985 parienda
736 1884 867 1960 dolore.

252 2002 436 2100 Sanguine
454 2002 594 2077 deletur
611 2002 795 2076 teterrima
812 2001 929 2098 culpa
950 2001 1012 2076 sed
1030 2001 1121 2076 eheu

347 2117 469 2193 Poena
486 2127 608 2192 manet
625 2115 777 2191 delenda
795 2115 925 2210 dolore,

251 2232 419 2307 Vivimus
437 2233 665 2307 immemores
683 2258 829 2330 poenae,
850 2232 1093 2330 praetervolat
1110 2232 1205 2323 hora,

348 2348 448 2424 Finis
467 2348 579 2443 adest,
599 2347 776 2423 delebitur
793 2348 877 2424 olim
1173 2355 1178 2362 '

252 2465 419 2541 Carceris
436 2463 601 2543 horrendi
621 2464 879 2562 crepitantibus
897 2464 1050 2561 ignibus,
1071 2475 1173 2538 atrox

349 2579 470 2653 Poena
487 2589 618 2672 manet,
639 2579 698 2677 qui
716 2590 819 2676 terga
835 2578 987 2676 flagellis

254 2695 483 2787 Subtraxbre,
503 2720 602 2769 rosas
620 2695 732 2792 capiti
750 2696 911 2791 sparsere
930 2706 1101 2770 venustas
1113 2736 1162 2748 —

350 2810 471 2886 Poena
488 2810 548 2883 uia
565 2820 630 2904 est,
647 2836 738 2906 quae
756 2810 856 2885 ducit
874 2809 920 2883 ad
938 2811 1050 2885 astra!

257 2927 399 3002 Felices
416 2926 606 3022 lacrymae,
625 2952 716 3023 quae
732 2952 827 2999 nunc
847 2925 1015 3000 labuntur
1032 2927 1186 3020 obortae,

350 3042 447 3132 Quas
464 3041 577 3116 letum
593 3041 756 3137 deterget
777 3042 918 3116 euntes!
1136 3118 1139 3124 ,

256 3158 304 3232 Ni
322 3156 455 3233 fuerint
471 3156 632 3249 comites,
651 3155 719 3230 nisi
734 3155 858 3230 mollia
874 3156 983 3232 corda
998 3158 1168 3254 rigentur,

349 3272 461 3347 Nulla
476 3298 624 3369 precum
640 3271 782 3365 fiducia,
801 3271 932 3346 frustra

253 3389 354 3464 Voce
370 3389 565 3485 fatigamus
582 3414 744 3485 superos:
761 3377 1004 3485 praemittitur
1019 3388 1143 3483 imber,

350 3505 399 3577 Et
415 3503 576 3601 locuples
594 3504 706 3578 oratio
722 3504 873 3599 gaudet!

253 3620 351 3694 Nota
367 3619 453 3694 viris
470 3619 605 3694 sanctis
621 3618 709 3693 haec
723 3644 805 3692 rara
821 3617 972 3694 scientia
989 3618 1137 3693 dudum:

350 3733 580 3832 Torquebant
595 3734 735 3833 jejunia
751 3733 879 3826 fauces,

253 3849 366 3923 Fessa
381 3850 481 3924 brevi
499 3877 623 3925 somno
640 3849 857 3926 claudebant
873 3849 1017 3943 lumina,
1037 3875 1177 3946 semper

351 3963 468 4039 Dulce
484 3967 559 4063 pati
579 3965 756 4064 sapientia
772 3966 878 4042 vitae.

255 4079 348 4155 Sunt
364 4080 468 4155 binae
485 4081 620 4157 volucri
636 4108 785 4180 pennae,
805 4082 833 4157 si
851 4082 1049 4180 dempseris
1066 4106 1183 4174 unam,

350 4196 470 4272 Tarda
486 4197 610 4294 nequit
626 4223 690 4294 per
707 4198 813 4273 inane
829 4196 980 4274 moveri:
