3040 4732
633 213 846 272 CARMINUM

366 401 503 499 Tigris!
523 402 652 477 Nonne
669 413 770 476 tener
787 400 971 478 consuluit
987 412 1091 500 pater

366 517 490 615 Vobis,
510 544 531 594 o
550 517 688 593 soboles
705 528 798 610 trun,
819 517 1074 593 adamantina?

366 631 451 710 Heu
468 633 580 708 nostri
598 632 738 731 generis
755 632 975 731 praesidium
994 643 1032 708 et
1048 633 1157 708 decus

464 747 595 824 Infami
613 748 813 823 immoritur
830 748 934 824 trabi.

366 973 622 1057 Enmaotatur
640 981 729 1078 ovis,
749 980 812 1056 sed
829 991 936 1078 tacet,
954 981 1126 1056 innocens

366 1097 438 1172 Pro
455 1097 557 1172 nobis
574 1097 734 1192 moritur,
754 1097 814 1194 qui
832 1096 926 1172 male
944 1096 1116 1193 viximus3

368 1214 400 1291 Ο
418 1223 590 1311 quantum
609 1211 761 1288 facinus!
781 1211 945 1288 conditor
963 1213 1121 1289 omnium

464 1328 526 1404 Fit
542 1355 607 1427 par
624 1356 708 1404 ecoe
726 1328 936 1404 latronibus.

368 1561 589 1637 Immensum
607 1559 736 1635 vitium
754 1559 845 1634 lavit
862 1559 984 1635 Homo
1001 1560 1101 1637 Deus

367 1677 548 1752 Immenso
564 1676 702 1768 merito,
717 1674 866 1751 dextera
882 1702 977 1752 nuno
998 1676 1117 1752 Patris

365 1794 497 1891 Aequa
513 1791 617 1868 lance
634 1802 735 1867 tenet
747 1791 912 1890 justitiae
931 1791 1070 1889 libram,

464 1906 729 2004 Ooelorumque
747 1907 841 1982 fores
858 1918 995 2005 patent.

367 2139 482 2215 Nobis
500 2150 607 2237 atque
624 2137 704 2214 Deo
721 2137 831 2236 culpa
848 2139 1057 2237 voraginem

368 2254 590 2352 Interp'eoit...
609 2253 662 2328 iol
683 2253 802 2351 pontis
820 2254 922 2328 adest
940 2254 1014 2350 via3

367 2369 506 2444 Fauces
524 2368 602 2443 dira
620 2368 698 2443 sitis
716 2367 855 2443 torsit...
874 2369 929 2444 iot
950 2369 1049 2444 latex

465 2485 593 2560 Manat
610 2483 831 2582 splendidior
848 2480 957 2582 vitr03

366 2715 566 2813 Abjeotum
583 2714 716 2791 fuimus
733 2715 900 2812 vulgus...
919 2715 975 2791 io!
996 2742 1119 2792 sumus

367 2832 501 2908 Divino
518 2831 632 2930 geniti
650 2831 825 2928 sanguine
843 2832 941 2930 Filii;

369 2948 471 3042 Quae
488 2974 553 3023 nos
571 2947 762 3046 pauperies
780 2948 925 3023 ursitl...
943 2947 998 3024 iol
1018 2960 1147 3046 parant

465 3063 671 3140 Thesauros
689 3061 835 3137 Domini
853 3090 992 3139 manus.

368 3297 473 3373 Felix
490 3295 597 3394 eulpa
614 3307 729 3389 vetus,
751 3322 842 3394 quae
860 3295 979 3393 potuit
996 3322 1102 3394 novo,

369 3413 470 3505 Quae
486 3423 590 3488 tanto
607 3411 739 3488 meruit
754 3411 901 3486 flumine
918 3410 1057 3509 prolui!

367 3525 499 3602 Infelix
517 3527 624 3624 periit
641 3526 801 3625 proditor
819 3525 979 3624 angelus,

465 3641 736 3740 Aeternumque
753 3652 874 3716 manet
890 3641 1009 3717 miser.

369 3874 492 3952 Unum
511 3899 575 3948 nos
592 3872 755 3948 homines
773 3900 855 3948 ecoe
873 3899 988 3970 genus
1006 3897 1139 3965 sumus,

370 3991 488 4067 Arbos
505 4015 577 4064 una
593 3988 724 4088 genus!
746 3988 844 4081 Quos
861 3988 980 4087 potuit
997 3996 1102 4086 pater

370 4106 593 4184 Obtrunoare
610 4131 751 4212 nooens⁷
769 4103 835 4180 hos
852 4115 956 4203 pater
972 4104 1146 4179 innocens

466 4223 576 4298 Vitae
592 4249 657 4298 nos
674 4221 793 4319 potuit
811 4220 907 4296 dare.
