3040 4732
621 227 740 282 Llssun
769 227 916 284 PRIMUS

655 748 757 825 ODE
784 749 888 826 XVI.

686 999 851 1075 JUDAS.

149 1252 267 1306 Avaro
289 1257 378 1304 autem
395 1249 468 1303 nitu
486 1256 524 1302 eat
541 1249 703 1304 scelestius...
716 1249 760 1302 hic
772 1251 843 1302 euim
862 1257 886 1302 et
903 1251 1024 1302 animam
1042 1265 1120 1306 suum
1138 1248 1254 1302 cenulam
1267 1249 1352 1303 habet.

635 1337 730 1409 (Eccli.
752 1339 793 1407 10,
813 1337 901 1407 9-10).
969 1338 972 1346 ’

283 1578 375 1671 Quis
392 1578 527 1676 rumpit
551 1578 722 1676 strepitus
739 1579 932 1677 tranquilla
949 1578 1093 1654 silentia
1109 1577 1249 1652 noctis?

384 1691 485 1785 Quae
502 1693 644 1768 radiant
661 1693 800 1791 fulgore
818 1694 1009 1770 lucernae?

285 1809 318 1886 Ο
337 1809 433 1908 fuge,
452 1811 501 1886 mi
519 1811 544 1886 J
548 1837 620 1903 esu,
640 1821 677 1886 te
695 1811 835 1909 quaerit
853 1809 1037 1909 inhospita
1054 1810 1169 1903 turba,

383 1926 468 2001 Heu
486 1926 589 2001 ducit
606 1926 703 2002 ferus
721 1926 866 2024 agmina
882 1925 1021 2002 Judas!

286 2041 476 2140 Ingratum
493 2042 661 2118 comitem
674 2042 790 2141 turpis
808 2041 990 2118 dementia
1007 2041 1114 2139 cepit,

383 2156 583 2232 Perniciem
602 2155 799 2232 meditatur
817 2156 935 2232 amici.

283 2271 325 2349 Si
342 2283 378 2348 te
394 2298 490 2348 nune
509 2272 627 2348 subito
644 2272 853 2348 barathrum
870 2271 1068 2350 tumularet
1084 2271 1207 2347 hiatu?

380 2388 576 2465 Vibrarent
594 2389 667 2465 cita
684 2389 828 2486 fulgura
844 2388 986 2464 nubes?

279 2505 336 2578 Te
352 2531 416 2602 per
433 2504 617 2581 amicitiae
637 2505 785 2580 socialia
796 2505 883 2603 jura
900 2504 1059 2596 triennis,

380 2619 450 2696 Per
467 2620 542 2699 cari
559 2620 651 2695 bene
669 2631 773 2717 gesta
789 2610 963 2718 magistri,

279 2735 337 2812 Te
354 2762 418 2834 per
436 2736 626 2834 apostolici
644 2735 850 2812 venerabile
867 2735 1009 2811 culmen
1027 2734 1181 2829 honoris,

379 2851 451 2928 Per
466 2878 599 2926 coenae
618 2851 679 2949 pia
697 2851 808 2926 verba
825 2878 1023 2949 supremae,

279 2967 353 3042 Per
365 2993 496 3065 pacem
514 2966 641 3060 cordis,
662 2967 910 3065 promissaque
928 2967 1091 3065 praemia
1107 2966 1199 3043 coeli

381 3082 588 3159 Obtestor...
607 3082 674 3158 sibi
691 3110 825 3158 numen
842 3109 973 3158 avarus

280 3197 368 3296 Ipse
386 3209 487 3274 creat
504 3198 692 3297 positoque
710 3225 807 3297 genu
824 3199 963 3278 defixus
981 3199 1121 3296 adorat3

381 3314 540 3389 Damnat
558 3341 649 3407 eum,
670 3314 730 3413 qui
747 3313 906 3390 condidit
924 3315 1056 3408 orbem,

278 3430 479 3527 Temperat
495 3428 626 3505 effusas
643 3457 784 3527 gnavus
801 3430 1005 3506 moderator
1022 3428 1195 3526 habenas3

380 3545 464 3620 Non
483 3546 622 3644 quaerit
638 3545 747 3621 miser
763 3545 823 3620 ille
842 3545 1006 3643 salutem,

280 3661 353 3754 Qui
371 3671 481 3759 negat
497 3660 646 3736 infando
661 3672 818 3737 mentem
836 3662 1019 3738 tabescere
1042 3661 1175 3754 morb0,

378 3778 455 3853 Aut
472 3777 604 3851 veteris
621 3777 824 3852 truculenta
841 3776 1007 3853 draconis

279 3878 527 3969 Vincula‘non
545 3892 630 3986 odit,
650 3919 756 3990 quem
774 3891 864 3968 dura
881 3893 1056 3991 compede
1076 3919 1217 3990 semper

378 4007 501 4084 Vincit
519 4035 618 4084 amor
635 4007 847 4084 furibundus
865 4007 1032 4084 habendi.

277 4123 407 4200 Utitur
423 4123 483 4200 ille
500 4123 592 4220 Dec,
610 4124 740 4200 fruitur
757 4123 919 4199 radiante
936 4123 1093 4221 metelle,

380 4237 427 4316 Se
444 4239 584 4316 cruciat
601 4241 677 4315 sine
694 4240 765 4315 fine
780 4250 964 4338 tyrannus,
