2968 4732
175 198 227 256 190
649 203 862 260 CARMINUM

228 391 355 466 Finem
373 417 467 487 pone
484 389 599 485 malis,
618 417 714 466 mors
731 389 859 466 ultima
876 390 972 467 linea
989 418 1107 468 rerum
1118 391 1151 488 1„

325 504 398 581 Hic
416 505 551 604 rapidis
566 505 792 604 immergitur
809 505 923 600 undis,

228 619 295 696 Ille
312 646 372 695 cor
390 620 520 696 infesto
537 621 804 696 transverberat
823 647 917 714 ense,
939 621 996 696 vel
1014 622 1098 719 igne

326 734 436 812 Molle
454 747 563 834 caput
579 736 836 834 cerebrumque
853 736 1017 812 resolvit!

230 850 333 928 Haec
350 851 525 928 scelerum
543 851 691 926 virtusii
711 851 827 927 fructu
845 851 1075 949 cognoscitur
1092 853 1196 928 arbos
1213 892 1266 908 —-

326 966 436 1042 Pulsa
454 965 562 1042 Fides
579 977 753 1042 revocata
769 966 915 1041 redibit!

629 1407 731 1485 ODE
757 1405 881 1481 XXII.
923 1456 925 1464 ·

535 1657 537 1660 ’
613 1694 904 1772 usurusms.

357 1982 550 2037 Convertamur
568 1983 604 2034 ud
622 1998 670 2048 me,
689 1989 714 2034 et
731 1982 802 2034 salui
820 1983 903 2035 eritis.
926 1980 994 2050 (Jeu.
1014 1980 1062 2048 45,
1082 1979 1139 2049 22).

255 2250 361 2325 Vana
379 2251 474 2327 salus
491 2251 680 2327 hominis...
700 2278 912 2350 quaeramus
930 2277 1048 2327 amore
1066 2249 1238 2326 salutem!

353 2367 472 2442 Corda
488 2368 616 2464 rigent,
636 2367 720 2442 hinc
740 2367 889 2443 verbere
905 2377 999 2442 torto

256 2481 375 2579 Terga
392 2482 493 2558 Deus
509 2482 646 2559 lacerat
663 2483 797 2580 patrati
815 2481 974 2557 criminis
992 2480 1096 2556 ultor.

355 2597 393 2673 δί
412 2597 572 2694 scopulis
589 2597 692 2672 allisa
709 2597 852 2672 fatiscat

254 2713 381 2810 Navis,
401 2725 438 2788 et
456 2713 603 2789 Oceano
619 2712 817 2788 tumuletur
834 2723 945 2788 nauta
963 2711 1100 2808 voraci;

352 2829 391 2904 Si
409 2830 544 2904 Boreas
561 2829 728 2904 incendia
745 2855 874 2904 saevus

254 2948 411 3045 Augeat,
431 2956 512 3021 usta
530 2945 657 3020 domus
675 2945 813 3020 cineres
830 2943 1040 3040 fumumque
1056 2953 1241 3041 tepentem

351 3062 424 3138 Det
442 3061 549 3159 prisci
567 3071 797 3136 monumenta
815 3059 968 3154 decoris3

255 3177 417 3276 Corpora
434 3177 463 3253 si
480 3177 642 3253 crucient
659 3175 756 3250 avidi
773 3174 940 3272 contagia
956 3174 1086 3271 morbi3

350 3293 401 3368 Et
418 3302 572 3369 noceant
588 3291 774 3368 mendacia
790 3290 922 3388 famae3

256 3407 293 3484 δί
311 3409 448 3508 grando
467 3419 609 3506 segetes
626 3406 740 3501 feriat,
761 3407 791 3482 si
809 3406 915 3482 vinea
932 3406 1054 3481 botros

279 3568 283 3576 =
349 3529 474 3624 Aegra
490 3534 609 3621 neget,
628 3549 695 3598 nec
713 3521 848 3598 vellera
866 3521 994 3597 Serum

255 3642 327 3719 Ore
345 3653 494 3718 vomant
511 3666 667 3736 vermes3
686 3639 716 3713 si
734 3637 832 3713 dirae
850 3637 1010 3735 cuspidis
1025 3637 1104 3712 ictu

351 3756 424 3833 Cor
440 3756 554 3832 teneri
572 3764 780 3853 penetretur
798 3753 914 3847 amici,

253 3873 371 3948 Morte
389 3884 544 3948 vocante
562 3897 651 3971 puer
668 3869 827 3968 rapiatur
845 3869 889 3944 ab
907 3869 1015 3944 ubere
1033 3868 1172 3964 matris3

353 3987 391 4063 δί
408 3988 538 4064 mulier
554 3987 675 4062 rixosa
691 3984 859 4061 maritum
1053 3972 1055 3976 ¹

254 4105 446 4202 Torqueat,
466 4113 503 4178 et
521 4102 645 4178 Oroesi
664 4111 810 4176 versuta
827 4100 950 4196 rapina
969 4097 1082 4172 dolosi

350 4221 467 4294 Lucra
485 4215 553 4291 sibi
570 4216 662 4291 bene
679 4225 785 4313 parta
800 4213 915 4288 coloni
