2962 4742
220 168 275 223 ras
605 237 606 242 Ν
696 175 910 232 oanuruuu

223 363 320 456 Quid
337 363 432 462 rapit
450 361 581 438 effusos
598 362 689 437 mira
707 361 897 437 dulcedine
917 365 1067 437 sensus?

319 479 450 575 Dicite,
469 477 629 553 laetitiae
648 503 739 575 quae
757 477 804 551 sit
822 477 922 574 origo
941 503 1068 554 novae.

222 595 319 670 Rara
337 593 421 688 dies,
442 593 599 692 pretiosa
617 593 703 685 dies,
723 592 778 667 bis
797 592 954 691 quinque
972 593 1147 669 recedunt

318 711 462 806 Lustra,
482 736 591 784 senex
610 707 713 806 offert
730 734 880 784 munera
897 708 999 807 larga
1016 709 1112 784 Deol

222 825 371 902 Scilicet
391 825 521 900 haecce
539 810 616 900 dies
635 851 758 900 omnes
775 824 1007 900 memoranda
1024 851 1163 900 sorores

319 941 455 1034 Anteio,
476 952 513 1017 et
529 952 680 1016 revocat
697 941 830 1038 gaudia
839 941 968 1040 probra
985 940 1050 1033 Pii,

222 1057 338 1150 Quem
357 1056 506 1131 dederat
524 1055 661 1131 sanctis
679 1055 852 1131 altaribus
870 1083 949 1132 esse
967 1055 1171 1131 ministrum
1228 1080 1232 1092 ¹

320 1172 500 1248 Praesulis
519 1171 664 1268 augusti
683 1198 787 1246 sacra
805 1181 1004 1270 potensque
1022 1197 1161 1246 manus.

221 1289 331 1364 Alma
348 1287 434 1381 dies,
453 1287 541 1362 mihi
558 1297 642 1362 cara
660 1286 745 1380 dies,
766 1286 890 1362 exulto
907 1287 1046 1381 beatus,

319 1403 607 1500 Grandaevoque
626 1402 726 1476 Patri
744 1413 829 1476 vota
846 1403 1001 1477 secanda
1018 1402 1105 1478 fere.

222 1519 368 1612 Quanta
386 1518 580 1594 sacerdotis
599 1517 738 1615 dilapso
755 1517 930 1616 temporis
947 1545 1037 1593 aevo

318 1634 477 1709 Ubertas
495 1634 658 1731 operum!
678 1633 785 1731 copia
803 1644 938 1732 quanta
955 1635 1119 1731 precum!

221 1748 355 1824 Tristia
370 1747 447 1824 fata
463 1758 602 1842 vocant,
622 1760 834 1824 resecantur
852 1750 1009 1852 stamina
1026 1749 1126 1843 falce,

319 1864 450 1941 Omnia
467 1862 660 1961 diffugiunt
675 1863 866 1940 interitura
882 1865 988 1940 bona:

222 1981 307 2056 Una
324 1991 448 2055 manet
466 1979 581 2054 virtus
599 1979 774 2054 virtutum
791 1990 918 2074 mater,
940 1990 976 2055 et
993 2006 1065 2055 una

318 2097 403 2170 Non
420 2095 594 2171 moritura
611 2095 684 2191 poli
702 2122 815 2194 regna
832 2096 939 2171 beata
957 2096 1059 2194 petit.

221 2212 292 2288 Est
310 2238 436 2287 aurum
455 2222 604 2309 argento
622 2210 766 2286 melius:
786 2238 990 2310 magnoque
1006 2211 1147 2286 Joaaac

321 2327 455 2420 Quinto
468 2355 481 2425 J
488 2354 552 2400 am·
564 2327 678 2402 lustro
694 2327 766 2425 maj
771 2355 810 2402 or
827 2328 864 2401 in
883 2329 967 2403 orbe
985 2327 1087 2402 Pius.

221 2442 424 2518 Ventorum
441 2442 544 2517 furiis
562 2469 695 2516 annoso
713 2443 839 2518 robore
858 2470 1011 2541 quercus

319 2557 508 2649 Tunditur,
529 2568 565 2632 et
581 2558 675 2632 ridet
692 2558 849 2655 pondere
867 2569 948 2634 tuta
965 2559 1096 2654 minas3

221 2672 380 2747 Turbine
399 2671 574 2770 pulsatur,
595 2699 687 2771 quae
704 2673 883 2770 prominet
902 2699 1056 2772 aequore
1075 2684 1214 2771 cautes,

319 2789 512 2863 Fluctibus
531 2788 674 2863 obsistit
690 2815 762 2863 non
780 2788 1000 2864 removenda
1017 2788 1112 2864 loco:

221 2903 338 2978 Roma
356 2903 477 3001 Caput
493 2903 617 2978 mundi
636 2903 772 2979 Christi
791 2905 988 2978 munimine
1005 2904 1126 2979 fortis!

320 3019 428 3094 Irrita
445 3019 501 3093 vis
519 3019 705 3093 hominum
723 3019 988 3117 Tartareosque
1008 3019 1128 3095 dolus!

221 3134 313 3226 Quis
329 3161 514 3208 nemorum
533 3135 676 3209 frondes
694 3135 888 3232 pelagique
906 3145 1096 3209 recenseat
1113 3135 1254 3210 nudas?

321 3249 410 3341 Quis
426 3249 559 3325 referat
578 3251 672 3325 vasti
691 3250 807 3326 sidera
826 3277 951 3348 sparsa
968 3249 1066 3348 poli?

221 3365 306 3439 Non
323 3365 438 3462 impar
455 3392 604 3440 numero
622 3366 780 3441 tenebris
797 3366 928 3442 emissa
944 3393 1106 3463 propago

319 3480 372 3555 Te
390 3481 494 3556 Fidei
511 3483 676 3557 columen
694 3509 784 3580 gens
801 3482 985 3556 malesana
1003 3482 1106 3579 petit.

222 3595 324 3671 Gens
342 3597 494 3672 adversa
511 3598 589 3672 Deo
608 3598 747 3672 calamo
765 3597 960 3672 metuenda
978 3597 1128 3695 profano
1178 3695 1181 3700 Ι

319 3711 500 3787 Horrifica
516 3714 646 3788 miscet
664 3724 759 3788 tetra
777 3739 915 3787 venena
932 3740 1052 3787 manu.

222 3826 409 3901 Laudibus
427 3828 603 3902 extollant
621 3829 746 3903 calicis
764 3828 963 3902 redolentia
981 3828 1103 3902 mella:

320 3941 440 4017 Corda
456 3944 575 4040 rigent
593 3946 682 4018 duro
700 3944 835 4018 funeris
853 3943 928 4018 icta
947 3943 1046 4040 gelu!

224 4057 275 4133 Et
293 4058 354 4156 qui
371 4059 549 4133 continuis
566 4071 698 4134 terram
716 4059 922 4133 moderatur
940 4057 1099 4151 habenis,

319 4173 404 4249 Heu
421 4184 532 4271 negat
549 4175 721 4274 insipiens
740 4201 829 4272 gens
846 4173 993 4249 inimica
1010 4173 1124 4250 cruci!
