2930 4734
143 192 197 247 loo
615 198 827 256 CARMINUM

144 387 182 464 Si
201 398 315 485 potes,
336 412 506 461 enumera
523 384 675 483 pisces...
695 413 796 462 mens
814 387 910 462 lassa
926 386 1082 462 fatiscit!

38 541 40 562 ι
144 501 255 578 Unda
271 501 363 577 fores
380 501 517 599 pulsatl

36 621 39 720 J
239 616 313 702 (O.)
332 615 432 708 Quae
449 616 590 691 findunt
608 628 691 691 aera
707 617 845 715 pennis,

36 723 38 750 ‘
143 733 306 830 Argutae
323 731 500 828 volucres3
519 731 672 829 implens
688 732 868 830 rugitibus
887 759 991 807 auras

142 847 339 925 Excutiens
355 846 498 922 cervice
509 846 637 944 jubam
655 846 719 940 leo,
740 847 848 922 dente
866 860 1017 924 cruento

142 962 361 1060 Discerpens
379 962 563 1060 praedam3
583 962 723 1059 patiens
741 962 889 1037 formica
906 963 1080 1058 laborum,

143 1077 244 1169 Quae
261 1076 363 1152 vehit
379 1076 588 1169 orecibum,
607 1087 816 1174 structoque
835 1076 1001 1176 adjungit
1019 1104 1164 1175 acerv03

142 1193 293 1290 Ingenui
311 1218 460 1284 vermes,
481 1191 541 1290 qui
560 1191 684 1268 Serica
700 1192 761 1266 fila
778 1193 965 1269 trahentes

143 1308 213 1386 Ore
232 1334 295 1383 suo
313 1308 379 1382 sibi
397 1308 502 1383 busta
519 1319 657 1406 parant,
678 1319 877 1405 surguntve
895 1309 1013 1406 sopiti,

142 1425 287 1499 Ponunt
304 1450 372 1498 ova
389 1450 504 1497 novae
522 1421 648 1519 soboli3
667 1450 758 1520 quae
774 1423 920 1499 floribus
938 1424 1055 1498 almae

141 1538 315 1632 insidunt,
335 1539 520 1613 lucrantur
537 1565 624 1636 apes
640 1539 839 1614 redolentia
854 1540 972 1634 mella,

139 1653 360 1729 Distendunt
377 1652 493 1750 cellis3
512 1664 699 1752 terraeque
718 1655 915 1732 animantia
932 1666 1100 1732 cuncta...

139 1769 269 1844 Nonne
286 1768 380 1844 fores
397 1768 566 1865 pulsant?

239 1883 308 1982 (R.)
330 1885 430 1977 Quae
449 1884 603 1959 vincunt
620 1881 756 1977 horrea,
777 1912 923 1980 messae,

139 2000 354 2076 Foecundae
372 2001 473 2091 vites,
495 2026 586 2098 quae
605 1998 691 2074 dant
709 2002 915 2097 spumantia
932 2000 1055 2076 multis

139 2115 236 2190 Vina
252 2116 358 2208 cadis,
378 2115 463 2190 laeti
481 2115 674 2189 viridantia
690 2117 853 2213 gramina
870 2116 971 2210 ruris,

142 2230 325 2306 Innumeri
341 2231 455 2324 fiores,
475 2231 713 2328 decorataque
731 2231 908 2307 fructibus
926 2232 1040 2326 arbor,

139 2347 208 2438 Qui
227 2346 370 2445 fugiunt
386 2346 525 2445 queruli
543 2346 686 2421 sinuoso
704 2347 848 2422 tramite
865 2348 943 2440 rivi,

137 2461 187 2538 Et
204 2462 330 2538 vocale
347 2489 485 2559 nemus,
504 2461 600 2560 quod
617 2461 750 2558 frigora
767 2463 916 2560 praebet
934 2474 970 2538 et
988 2464 1160 2557 umbram,

136 2577 266 2653 Nonne
284 2577 376 2653 fores
394 2577 562 2675 pulsant?

234 2693 304 2792 (O.)
324 2692 508 2786 Gemmae,
529 2691 686 2790 pretiosa
702 2693 859 2786 metalla,

134 2810 229 2884 Acta
247 2835 379 2907 vapore
397 2809 497 2906 ratis,
516 2808 576 2883 via
593 2807 686 2882 ferro
705 2818 818 2883 strata
835 2809 975 2906 rigenti,

136 2924 216 3016 Qua
233 2950 371 3000 merces
389 2921 622 3020 hominesque
639 2933 757 3016 ruunt,
777 2923 1029 3000 celeberrimus
1047 2951 1139 2998 unus

135 3040 235 3114 Inter
253 3040 411 3138 pictores
429 3065 552 3114 omnes
571 3037 622 3112 sol
640 3038 800 3113 fervidus
819 3039 912 3136 igne,

135 3155 274 3230 Electri
292 3154 408 3230 sooius
425 3180 584 3251 magnes,
605 3154 665 3250 qui
683 3152 836 3251 fulguris
854 3155 966 3230 instar

135 3270 294 3367 Prodigii
314 3269 447 3344 virtute
464 3269 548 3344 novi
566 3268 647 3343 loca
664 3281 834 3365 permeat,
855 3296 978 3345 omnes

135 3386 213 3460 Iam
231 3386 339 3484 spatii
357 3386 456 3484 leges
475 3385 510 3459 vi
529 3385 706 3460 delevisse
727 3385 877 3479 videtur,

133 3501 264 3578 Nonne
282 3502 374 3577 fores
394 3501 561 3599 pulsant?

234 3616 304 3714 (R.)
327 3617 396 3708 Qui
415 3616 714 3692 circumfunditur
732 3629 792 3692 aer

133 3731 232 3808 Huic
251 3742 367 3808 terrae
385 3744 537 3826 nostrae,
558 3732 711 3830 pluviae,
731 3731 939 3831 glaciesque
956 3733 1139 3833 nivesque,

133 3847 238 3922 Mens
255 3857 292 3923 et
309 3875 370 3922 cor
388 3848 582 3942 hominum,
604 3849 708 3924 simul
728 3875 850 3923 omnes
869 3850 1029 3947 corporis
1047 3863 1157 3944 artus,

132 3961 186 4038 Ut
202 3963 360 4038 breviter
378 3963 507 4056 dicam,
527 3991 774 4062 quaecumque
792 3963 851 4040 hio
870 3965 1029 4040 continet
1047 3965 1151 4060 orbis,

134 4076 265 4153 Omnia
282 4078 378 4154 laeta
396 4090 531 4153 canunt
548 4079 702 4154 Domino
719 4081 911 4177 praeconia
928 4081 1085 4156 laudum.

130 4193 199 4269 Est
216 4221 308 4271 unus
326 4195 477 4291 sapiens,
497 4195 613 4270 nescit
630 4195 807 4293 sapientia
825 4195 924 4290 fines,
