2988 4730
607 235 727 290 LIBER
760 235 926 291 TERTIUS

322 427 325 434 '
395 421 568 498 Portenta
585 420 679 497 dico:
698 421 820 519 purior
838 422 975 520 angelis

395 537 465 613 Est
482 564 555 613 uua
571 536 674 634 coeli,
695 535 851 635 Spiritus
869 537 963 613 hanc
982 537 1128 614 domum

494 653 647 729 Sanctus
665 652 821 747 decorat,
842 680 903 728 eor
922 653 1057 729 Beatae

530 755 717 845 'Obruitur
734 768 810 844 sine
828 769 898 844 fine
916 769 1026 867 gazis.

395 997 543 1080 Infirma
560 997 673 1074 solem
690 997 828 1073 lumina
843 1025 915 1075 non
933 989 1068 1074 ferunt:

395 1114 540 1191 Candor
558 1115 697 1190 Mariae
714 1124 849 1207 tantus,
869 1125 909 1189 ut
927 1115 1086 1214 omniurn
1199 1173 1201 1178 .

340 1289 344 1297 .
376 1287 378 1291 ,
492 1230 634 1305 Montes
652 1230 860 1324 hebescent‚
882 1231 942 1328 qui
960 1230 1058 1305 fideli
1181 1329 1183 1338 Ι

540 1345 647 1420 Dona
664 1345 779 1421 velint
795 1347 971 1421 trutinare
989 1346 1101 1422 lance,

395 1575 476 1651 Hae
493 1577 612 1652 Matre
630 1575 793 1651 Verbum
810 1577 962 1674 Virgine
979 1577 1154 1652 nascitur!

396 1691 483 1791 (Sed
501 1720 644 1791 mergor
661 1694 781 1769 audax
799 1721 933 1770 oceano
951 1694 1052 1793 puer)

492 1808 686 1909 FitVirgo
704 1811 823 1886 Mater
841 1811 919 1910 (pes
937 1811 1097 1908 vacillat)

540 1925 656 2023 Virgo
673 1927 780 2024 parit,
800 1939 924 2003 manet
942 1954 1026 2002 ecoe
1045 1926 1179 2025 Virgo!

396 2159 429 2237 Ο
445 2159 561 2258 Virgo
578 2157 681 2235 felix!
704 2159 850 2259 (quaere
867 2161 1002 2255 modos,
1023 2160 1113 2258 lyra)
1254 2195 1255 2202 ¹

396 2275 428 2352 Ο
446 2275 563 2373 Virgo
580 2275 676 2369 felin,
697 2303 805 2374 quam
824 2276 891 2351 sibi
910 2276 1067 2375 Spiritus

494 2390 651 2467 Sanetus
668 2392 831 2468 maritat!
852 2391 932 2484 Quo
950 2392 1090 2468 renidet

543 2508 684 2607 Sponsa
701 2508 770 2582 Dei
787 2507 1086 2584 redimitasertol
1173 2575 1177 2584 .

396 2738 536 2812 Aurata
551 2763 678 2834 regum
697 2736 770 2813 sint
786 2737 991 2814 diademata

396 2851 579 2950 Oppressa
595 2852 757 2948 gemmis,
779 2852 891 2927 stulta
908 2855 1095 2951 superbiat

492 2967 633 3064 Regina
652 2977 810 3066 seeptro:
831 2966 894 3042 sed
912 2968 1050 3044 Mariae

540 3082 662 3176 Terra,
682 3082 797 3180 polus,
816 3082 1014 3159 famulatur
1032 3085 1149 3160 Orbis.

395 3312 536 3412 Regina
552 3311 677 3387 mundi
694 3313 809 3410 Virgo
827 3315 946 3390 Deum
964 3316 1068 3414 parit,

396 3428 569 3504 Portenta
587 3429 679 3504 dieo:
699 3429 815 3526 Virgo
833 3430 951 3505 Deum
969 3433 1082 3530 paritl

494 3543 611 3636 Quam
629 3544 717 3621 fecit
734 3545 829 3640 olim,
848 3557 885 3621 te
903 3559 1062 3646 parente⁷

541 3661 594 3737 Te
612 3663 728 3737 voluit
744 3657 845 3740 Deus
863 3664 942 3761 ipse
958 3666 1076 3741 nasoil

396 3891 499 3969 Haec
517 3902 621 3968 tanta
638 3894 754 3994 Virgo
773 3895 925 3994 prodiga
941 3923 1131 3972 munerum

394 4007 465 4084 Est
481 4008 665 4104 advocata,
686 4023 723 4086 et
739 4038 845 4086 nemo
862 4013 1042 4109 potentior

493 4124 600 4201 Votis
618 4127 747 4201 Maria:
771 4156 834 4204 eor
851 4115 944 4206 lesu

543 4241 666 4318 Gestit
684 4271 796 4320 ovans
814 4272 971 4320 reserare
989 4245 1138 4320 mundo!
