2962 4742
561 225 680 283 LIBER
707 225 884 280 OCTAVUS

187 409 351 485 Exardet
368 410 493 509 populi
511 411 638 503 rabies,
659 410 757 487 furor
775 400 874 484 arma
891 411 1083 504 ministrat,

223 535 226 542 ’
282 523 470 600 Pelluntur
485 551 590 622 reges
606 525 794 622 fractaque
813 535 956 623 sceptra
968 526 1105 624 jacent.

185 639 309 737 Turpe
326 639 428 714 nefas
446 641 526 734 odit,
547 641 607 738 qui
625 651 771 738 torquet
789 641 906 716 sidera
923 641 1025 737 coeli,

283 753 467 853 Corripuit
485 782 633 831 saevum
651 778 768 854 poena
785 767 936 831 eruenta
953 757 1083 832 scelus.

183 870 237 944 At
254 896 319 944 sua
336 871 468 968 cuique
480 871 602 970 placet
618 871 774 964 libertas,
796 898 877 946 ecce
898 872 1022 964 110101,

281 986 407 1078 Donec
420 987 504 1084 jure
522 987 616 1080 11001,
637 1015 675 1062 se
692 987 786 1062 ¹duce
804 987 923 1086 carpit
940 989 1024 1064 iter:

190 1100 238 1175 Te
255 1112 376 1177 tamen
394 1103 546 1176 attraxit
561 1104 686 1178 melrbr
703 1103 892 1196 sententia,
913 1104 1050 1180 Christi

228 1223 230 1228 ’
288 1217 445 1294 Consibb
461 1218 626 1315 patribus
645 1219 808 1294 subderis
825 1219 902 1318 ipse
922 1219 1004 1294 tuis.

182 1334 235 1410 Te
253 1344 368 1408 rector
386 1334 478 1430 septi
496 1361 638 1432 semper
655 1335 862 1410 moderatur
879 1335 1040 1431 habenis,

279 1449 448 1523 Protinus
466 1460 502 1523 et
519 1449 690 1546 gaudens,
712 1477 782 1548 quo
794 1451 902 1548 jubet
919 1451 979 1544 110,
1001 1450 1112 1525 volas.
1131 1493 1179 1505 -

181 1564 345 1641 Felicem
363 1565 480 1640 decies
498 1563 689 1658 hominem,
710 1563 770 1664 qui
789 1567 950 1663 percitus
969 1578 1071 1642 aestu

276 1679 415 1777 Effugit
432 1680 547 1755 insani
567 1681 682 1755 multa
699 1681 837 1779 pericla
855 1679 939 1757 fori!

179 1793 351 1870 Volvitur
369 1807 453 1870 ante
472 1823 552 1870 aras
570 1796 725 1894 supplex
742 1797 979 1894 manibusque
998 1798 1146 1896 supinis,

276 1910 326 1985 Et
343 1910 444 1986 Deus
462 1914 603 1986 arrecta
620 1912 777 2010 percipit
795 1939 880 1988 aure
898 1939 1032 2010 preces.

180 2024 361 2123 Tempora
376 2026 559 2101 flammato
577 2026 738 2102 labentia
756 2028 863 2102 corde
881 2029 1032 2121 volutat,

277 2139 328 2216 Et
344 2151 449 2238 rogat
467 2141 602 2216 aeterni
620 2141 753 2238 gaudia
771 2168 874 2217 sacra
891 2144 975 2241 poli.

180 2255 252 2330 Est
269 2255 382 2332 altare
401 2257 536 2348 domus,
557 2282 627 2353 qua
645 2255 855 2350 delectatur,
877 2269 912 2332 et
930 2240 1059 2355 Agnus

279 2371 462 2447 Placando
480 2371 627 2447 offertur
644 2372 792 2447 victima
810 2399 895 2448 cara
912 2373 1000 2467 Dec,

182 2487 433 2586 Continuaque
451 2514 560 2562 manu
579 2488 767 2586 praeclara
784 2489 969 2564 volumina
985 2500 1115 2582 versat,

277 2603 378 2694 Quae
396 2603 487 2678 coeli
506 2613 698 2700 angustam
716 2630 781 2679 nos
799 2604 953 2680 docuere
972 2604 1079 2678 viam.

182 2717 298 2793 Corde
316 2718 439 2793 calens
456 2719 783 2817 verboque-potens
801 2719 864 2794 dat
880 2719 1013 2818 pabula
1030 2718 1165 2815 multis,

276 2834 416 2908 Ictibus
434 2833 621 2909 horrendis
639 2834 756 2909 ferrea
772 2834 881 2909 corda
897 2834 1025 2932 quatit.

181 2948 354 3025 Cominus
372 2948 515 3025 accedit
530 2948 740 3023 miserorum
759 2949 935 3046 plurimus
953 2946 1048 3042 ord0,

277 3065 427 3162 Irriguis
444 3064 604 3140 lacrimis
622 3064 773 3139 crimina
790 3064 895 3139 foeda
913 3064 1022 3140 lavat.

179 3179 287 3256 Unde
305 3181 510 3258 sacerdotes
528 3181 616 3255 haec
633 3191 736 3254 tanta
753 3181 917 3278 potentia
935 3181 1050 3258 ditat?

278 3296 424 3372 Concha
439 3297 532 3370 bibit
549 3296 728 3394 lymphas,
748 3309 829 3371 tanc
845 3297 940 3371 bona
956 3295 1074 3370 reddit
1092 3309 1214 3393 aquas.

180 3411 260 3486 Hac
277 3411 364 3486 moti
381 3411 518 3486 ratione
537 3411 603 3485 viri
622 3423 658 3486 te
676 3411 842 3486 laudibus
861 3423 998 3504 ornant,

141 3547 144 3553 '
276 3529 326 3604 Et
344 3527 635 3626 magnifratrum
654 3527 750 3602 10010
767 3553 900 3602 0010110
916 3527 1016 3602 facit.
1034 3569 1083 3580 —-

179 3645 275 3721 Vive
293 3645 383 3740 Dee,
403 3643 606 3718 venerande
625 3669 744 3736 senex,
765 3642 811 3717 da
829 3642 967 3717 semina
984 3641 1105 3737 sulcis,

275 3760 326 3834 Et
341 3758 456 3834 flavae
475 3757 608 3854 segetis
626 3785 775 3832 munera
791 3757 882 3833 falce
900 3768 1024 3832 metes.

178 3876 246 3952 Vis
264 3875 405 3974 gelidae
423 3875 548 3950 mortis
567 3875 661 3949 vires
681 3873 923 3971 supereminet
941 3899 1080 3946 omnes:

276 3990 380 4067 Bella
396 4001 523 4089 parent
540 3989 672 4081 hostes,
693 3988 812 4062 omnia
829 3987 943 4062 vincit
961 4015 1070 4062 amor.

179 4107 283 4204 Ignis
297 4107 442 4182 flamma
458 4127 580 4200 101011,
599 4104 699 4178 nulla
716 4103 877 4178 satiabur
894 4129 996 4178 escas

277 4221 327 4296 Et
343 4247 439 4296 nova
457 4246 597 4317 semper
615 4246 714 4294 amor
732 4219 830 4293 lucra
847 4217 1009 4316 paranda
1025 4216 1129 4296 00111.
