2972 4738
622 195 741 250 LIBER
773 193 942 264 QUINTUS

332 413 334 421 ·
357 385 407 461 Ni
425 383 592 460 Christus
610 392 714 474 esset,
734 407 805 455 non
824 380 915 456 foret
933 379 1001 456 hoc
1020 405 1144 478 genus,

357 502 516 574 Auctore
535 496 681 572 Christo
700 495 866 589 vivimus,
887 494 1007 570 omnia

454 614 536 688 Hoc
554 613 733 687 advocato
751 610 1016 708 impertiuntur,

504 729 603 819 Quas
620 727 686 801 tibi
703 753 768 802 nos
786 725 891 800 labiis
910 725 1069 823 profanis

358 959 491 1038 Grates
509 962 682 1057 agamus?
700 958 897 1034 Reddimus
915 983 960 1032 en
976 957 1044 1032 tibi

358 1077 468 1152 Hunc
488 1075 715 1170 advocatum,
735 1073 784 1146 nil
802 1072 1048 1170 melius·capit

456 1190 558 1266 Haec
576 1203 681 1286 terra,
700 1190 761 1264 det
778 1189 920 1288 legatus
936 1189 1032 1263 idem
1067 1203 1070 1218 ¹

504 1305 626 1380 Verba
643 1305 719 1398 tibi,
740 1304 839 1380 Deus
857 1304 960 1396 alme,
982 1311 1097 1400 grata.

360 1537 392 1613 O
409 1564 474 1612 nos
492 1537 648 1634 benigno
665 1537 806 1634 respice
824 1537 968 1628 lumine,
1026 1541 1053 1591 *t

361 1653 575 1751 Sparsisque
592 1652 687 1726 natis
705 1679 724 1726 o
742 1651 903 1744 benedic,
924 1651 1042 1744 Pater,

456 1767 513 1842 Tu
529 1793 617 1865 coge
638 1766 811 1864 palantes,
833 1766 919 1840 ovili

338 1937 340 1942 ν
436 1932 438 1941 ·
504 1883 530 1958 J
533 1909 628 1980 unge
645 1894 718 1976 tuo,
738 1881 916 1957 sociemur
934 1907 1067 1955 omnes.

360 2111 545 2210 Torquent
562 2109 739 2207 procellae
757 2109 964 2184 naviculam
983 2107 1091 2200 Petri,

362 2225 457 2301 Iram
477 2237 616 2320 coerce,
634 2250 705 2298 non
722 2223 817 2322 perit
835 2223 937 2320 haec,
956 2233 1089 2315 tamen,

457 2339 564 2415 Hanc
582 2367 688 2438 posse
705 2340 809 2432 laedi,
829 2366 900 2440 non
917 2340 1069 2437 negabo,

506 2454 546 2531 Si
564 2455 684 2530 valido
702 2455 851 2530 feriatur
867 2455 952 2530 ictu.

361 2688 435 2764 Fac
453 2715 531 2764 esse
549 2711 697 2784 gnavus,
716 2714 820 2762 nosse
838 2686 1012 2785 pericula,

362 2801 502 2879 Pollere
520 2803 634 2878 multo
650 2803 776 2878 robore
793 2803 946 2895 navitae,

420 3007 423 3012 ,
458 2917 641 3016 Ventique
658 2928 837 2994 certantes
855 2917 1055 3012 domentur,

466 3051 467 3054 ’
506 3033 681 3108 Difficiles
699 3044 913 3132 superentur
931 3032 1058 3106 undae.

363 3292 484 3368 Rebus
503 3293 650 3367 caducis
668 3292 765 3390 eripe
783 3319 859 3386 nos,
880 3291 1000 3386 Pater,
1087 3257 1120 3328 l*

362 3405 421 3480 Ad
438 3417 476 3482 te
495 3433 687 3504 perennem
704 3407 857 3504 proripe,
876 3430 1025 3480 munera

458 3521 613 3597 Telluris
633 3523 732 3596 exosi
750 3532 916 3620 petamus

507 3638 613 3712 Dona
629 3638 683 3712 tui
700 3638 849 3713 meliora
867 3634 970 3711 coeli.

363 3867 456 3943 Rivo
475 3895 651 3966 supernae
668 3878 817 3968 pectora
834 3869 982 3967 gratiae,

363 3984 509 4060 Christo
526 3996 679 4082 patrono
696 3985 892 4083 poscimus,
910 3983 1042 4074 imbue,

459 4099 513 4177 Ut
528 4101 674 4176 flamma
691 4100 855 4176 subsidat
872 4099 1021 4192 nefasta,

508 4217 597 4316 Igne
614 4229 678 4293 tuo
696 4228 925 4315 penetremur
942 4242 1077 4291 omnes.
