2988 4730
222 229 274 284 152
695 229 909 288 CARMINUM

307 422 428 513 Quant
428 447 472 496 us
412 418 602 496 thonor
617 419 731 518 pueri,
751 444 858 517 quem
874 427 932 492 tot
933 427 1118 548 portenta
1135 416 1326 491 coronant!

400 536 508 612 Μ31
464 546 530 611 100
547 534 693 610 adhuc
683 562 720 609 ιο
738 560 889 632 corpore
907 533 1013 607 vivit:

303 651 496 751 Primaque
513 651 653 726 deletur
668 649 919 726 contrectabo
937 648 1074 745 origine
1094 647 1218 746 culpa3

400 767 528 842 Matris
544 766 691 842 adhuc
679 793 718 840 ιο
734 791 882 862 corpore
900 764 1007 839 vivit:

304 882 485 959 Infantem
501 884 631 959 desum
647 882 809 958 flammat
794 891 831 956 to
849 881 957 956 corde
975 879 1110 955 salutat

401 998 580 1096 Prodigiis
596 998 849 1074 celeberrimus
866 1023 970 1072 unus.

306 1115 463 1190 Editur
453 1142 491 1190 rn
508 1114 637 1208 lucem,
658 1114 846 1189 solvuntur
862 1126 942 1188 mut
944 1113 1142 1211 aparentis

402 1229 531 1323 Labra,
551 1230 650 1305 canit
667 1229 729 1327 pia
744 1229 905 1304 carmina
922 1241 1035 1305 vates.

305 1346 465 1444 Legibus
483 1373 525 1422 ae
527 1346 612 1421 tatis
605 1347 745 1536 tmajor
761 1372 852 1443 puer
868 1372 953 1420 ecce
969 1355 1118 1443 repente

403 1463 600 1536 Antrat
538 1461 614 1560 peti
615 1471 905 1560 tnemorumque
923 1461 1049 1553 vireta,

306 1577 448 1675 Raptus
465 1603 585 1651 amore
602 1576 698 1676 Deip
691 1576 869 1651 ucundae
887 1575 1065 1651 assuescit
1081 1602 1210 1668 eremo,

405 1692 541 1791 Ipse
507 1718 604 1766 viam
621 1691 689 1766 sibi
707 1702 741 1767 st
725 1691 835 1767 temit
850 1692 955 1785 ituro,

309 1807 382 1884 Sed
398 1807 450 1883 lat
435 1809 555 1890 tebras
573 1807 782 1882 adamat..
765 1833 844 1905 Jam
861 1807 965 1883 miles
983 1807 1029 1882 ad
1047 1833 1146 1882 arma
1163 1816 1315 1882 vocatur

405 1922 464 1996 En
481 1922 662 2022 placidam
680 1922 705 1998 J
708 1922 852 1997 ordams
870 1923 915 1997 ad
933 1922 1067 1997 undam

308 2038 494 2115 Terribilis
510 2040 609 2137 rugit
626 2039 722 2132 loe,
705 2065 785 2137 Jam
803 2039 922 2114 desert
906 2049 945 2114 13
962 2037 1093 2137 fatigat

406 2154 509 2230 Voce
525 2155 658 2248 minax,
678 2157 821 2230 Aurora
836 2155 1005 2247 rubescit,

309 2272 347 2346 N
348 2271 467 2346 untiat
484 2271 620 2345 aeterni
636 2268 816 2345 radiantia
833 2269 970 2344 lumina
987 2270 1085 2345 00110.

406 2385 521 2460 Fama
538 2386 638 2461 volat
653 2396 812 2484 pennata
828 2411 893 2483 per
910 2385 1026 2478 urbes,

309 2499 480 2599 Undique
497 2501 604 2576 turba
619 2511 742 2576 ruunt:
761 2500 895 2576 ferrum
912 2498 1073 2576 mollitur
1088 2498 1126 2576 in
1143 2499 1237 2598 igne,

408 2616 537 2692 Incudi
555 2617 818 2715 superadditur,
837 2644 923 2693 ecoe
1463 2647 1464 2686 ι

310 2732 466 2834 Forcipe
484 2742 656 2824 versatur,
677 2731 950 2808 vehementibus
966 2732 1100 2808 ictibus
1116 2759 1197 2808 0000
1462 2699 1464 2768 l

407 2846 604 2923 Tunditurl
625 2846 657 2923 Ο
676 2848 879 2923 venerande
895 2849 921 2924 J
924 2848 1073 2924 oannes!
1462 2839 1464 2948 1

311 2963 435 3040 Macte
451 2988 547 3038 nova
563 2963 698 3038 virtute
715 2962 824 3060 faber,
842 2962 909 3039 tibi
925 2990 1033 3039 nemo
1049 2963 1201 3040 resistit:

409 3079 478 3154 Est
494 3079 670 3156 immensa
686 3079 850 3179 potentia
866 3080 984 3156 verbil

312 3195 383 3272 Est
400 3191 499 3271 amor
516 3195 751 3293 omnipotens,
771 3223 879 3295 quem
892 3223 967 3272 non
983 3197 1142 3272 infirmat
1159 3196 1342 3292 honorum,

410 3312 496 3386 Nou
512 3311 590 3386 auri
608 3310 742 3388 furiosa
759 3312 909 3411 cupido!

316 3428 400 3503 Non
416 3427 558 3526 fulgent
575 3439 696 3504 vestes
712 3428 822 3527 Tyrio
838 3428 893 3503 bis
910 3428 1045 3504 murice
1061 3428 1214 3526 tinctae3

413 3541 509 3619 Gara
520 3542 591 3626 ,tibi
609 3555 694 3619 sunt
709 3555 811 3620 texta
828 3544 967 3638 cameli,

316 3659 474 3757 Cingula
491 3659 579 3735 dant
593 3658 723 3759 pelles;
741 3686 812 3734 non
830 3658 968 3735 fercula
984 3669 1089 3757 grata
1107 3670 1289 3758 parantur,

414 3775 499 3850 Non
516 3786 685 3874 spumant
701 3775 769 3851 tibi
787 3775 907 3850 dulcia
924 3775 1023 3850 vina:
1092 3859 1094 3866 χ

317 3890 456 3967 Guttur
472 3902 557 3965 avet
574 3891 710 3985 latices,
730 3891 801 3967 mel
821 3902 905 3967 avet
923 3890 1126 3989 viridesque
1143 3891 1315 3987 locustas;

415 4006 528 4081 Nulla
544 4006 644 4082 fovet
661 4019 698 4084 te
716 4009 839 4107 pluma
857 4007 1030 4106 sopitum:

317 4121 449 4221 Carpis
466 4122 566 4197 humi
584 4150 748 4200 somnum
765 4167 815 4179 -
831 4125 927 4200 vires
945 4125 1151 4201 tribuuntur
1169 4124 1313 4218 amanti,

415 4238 545 4335 Majori
562 4240 697 4316 virtute
713 4241 859 4339 potitur,
