2972 4738
590 209 709 264 LIBER
736 209 882 267 suers

150 391 234 470 Hoc
252 393 377 494 magni
392 396 499 473 facio.
519 397 711 474 Nocturna
728 382 874 474 silentia
891 425 1036 497 quaem,

150 508 420 610 Immersusque
437 511 538 588 libris
556 523 695 612 stupea,
716 539 779 588 cor
796 512 942 610 ignibus
960 515 1074 591 ardet.

150 621 236 700 Una
254 626 352 703 salus
370 628 505 704 servire
523 628 638 704 Deo...
658 637 743 703 sunt
759 629 882 704 icones
900 628 994 726 illae,

150 739 251 830 Quas
269 742 375 819 oculo
392 743 525 820 mentis
543 743 781 842 contemplor,
801 744 839 820 in
858 742 955 822 Orbe
972 745 1168 844 magistrae

149 853 372 957 Tironesque
390 859 533 936 docent.
554 859 707 958 Aquilas
727 860 884 936 admiror
901 859 1091 937 hirundo..

149 969 316 1069 Tangere
334 975 507 1050 continuo
525 986 698 1050 montana
716 975 906 1051 cacumina
923 975 1065 1071 vellem,

148 1085 331 1185 Linquere
347 1100 449 1165 tecta
467 1101 581 1186 vetor,
601 1111 713 1188 quum
731 1090 883 1188 languor
900 1090 1089 1170 inhaereat
1107 1092 1186 1168 alis.

150 1199 223 1276 Sed
241 1203 369 1301 pennis
387 1205 495 1280 didici
512 1206 667 1304 majores
685 1206 817 1282 addere
835 1206 946 1283 vires:

148 1315 365 1396 Exercenda
382 1320 444 1395 diu
462 1320 636 1419 vigilique
653 1321 776 1397 labore
794 1320 979 1399 voluntas!

147 1429 207 1505 Da
225 1433 354 1509 vitium
374 1435 477 1510 vitio:
496 1446 534 1510 te
551 1435 725 1533 compede
744 1435 881 1513 vinciet
898 1464 1021 1514 usus...

146 1545 291 1644 Ferrea,
311 1549 341 1625 si
358 1561 484 1648 certes,
503 1563 715 1650 rumpentur
732 1552 880 1628 vincula
897 1554 1056 1630 tandem.

146 1661 279 1740 Omnia
295 1665 442 1742 flamma
460 1679 572 1763 vorat,
593 1668 694 1744 labor
711 1669 898 1768 improbus
917 1670 1038 1745 omnia
1055 1670 1185 1748 vincitl

243 1781 319 1878 (E.)
339 1782 457 1860 Dulce
475 1784 542 1860 sub
560 1784 747 1860 arboribus
763 1784 866 1860 radio
883 1797 1032 1884 captare
1051 1787 1193 1864 calente

145 1893 288 1995 Frigus,
310 1900 400 1975 etin
416 1901 523 1976 viridi
541 1912 770 2000 prosternere
787 1900 951 1998 gramine
968 1901 1140 1996 membra,

143 2011 289 2106 Ducere
308 2014 457 2091 villosas
475 2017 520 2091 ad
539 2043 673 2115 pascua
691 2015 788 2092 laeta
806 2015 976 2113 capellas,

145 2126 196 2202 Et
214 2128 347 2206 vitreos
365 2130 490 2207 latices
508 2131 714 2208 sitientibus
733 2129 855 2207 indere
873 2131 992 2226 labris,

143 2241 194 2319 Et
211 2269 399 2322 nemorum
417 2246 584 2323 volucres
603 2260 733 2345 arguta
750 2274 841 2323 voce
859 2257 1040 2340 canentes,

144 2357 195 2434 Et
211 2360 363 2437 blandos
381 2363 506 2440 audire
522 2363 648 2438 modos
665 2362 868 2439 resonantis
885 2389 1037 2438 avenae:
1110 2393 1112 2402 ·

143 2475 296 2552 Dulcius
314 2505 398 2554 ecce
416 2478 490 2554 tuis
508 2506 613 2554 aures
631 2480 821 2556 advertere
839 2476 970 2554 verbis.

241 2592 321 2680 (N.)
339 2593 638 2688 Verba-movent,
659 2594 827 2693 exempla
843 2595 1002 2688 trahunt,
1023 2608 1061 2672 et
1080 2623 1188 2695 saepe

1150 2712 1311 2790 cadendo

141 2823 261 2900 Gutta
278 2835 387 2900 cavat
405 2825 573 2923 lapidem.
593 2826 725 2902 Varias
743 2827 883 2903 delatus
900 2826 937 2900 in
954 2826 1061 2902 urbes

142 2939 267 3015 Pictor
286 2941 514 3039 imaginibus,
535 2970 625 3041 quas
643 2924 777 3018 lumine
795 2942 927 3018 lustrat
945 2953 1063 3036 acuto,

142 3054 195 3130 Et
212 3056 335 3133 vultus
352 3056 539 3133 hominurn
557 3045 766 3134 melioribus
784 3059 890 3134 edere
909 3057 1042 3154 formis,

140 3173 192 3248 Et
209 3172 324 3267 flores,
342 3200 501 3272 campos,
514 3173 728 3280 animantia,
748 3173 863 3267 litora,
883 3184 983 3250 tecta

140 3291 228 3364 Tiro
244 3288 360 3364 bonus
378 3289 506 3365 didicit
530 3289 663 3387 potiori
681 3289 762 3388 lege
778 3288 937 3365 colorum

140 3405 184 3480 In
201 3404 337 3499 tabulis
354 3431 528 3480 renovare
548 3404 637 3480 suis:
657 3403 815 3479 ecclesia
832 3404 925 3479 vivis

139 3521 260 3596 Pollet
277 3521 497 3618 imaginibus
514 3545 736 3618 numeroque
754 3518 997 3595 carentibus...
1016 3546 1149 3614 omnes,

140 3637 327 3735 Quotquot
345 3636 383 3710 in
401 3637 484 3712 orbe
502 3662 636 3730 sumus,
656 3646 822 3734 spectare
835 3634 1007 3733 jubemur
1024 3635 1178 3730 easdem,

138 3752 395 3852 Virtutemque
412 3752 464 3850 pii
482 3752 662 3828 discamus
679 3762 823 3849 oportet
840 3749 988 3825 amoris!

237 3867 361 3967 (Aeg.)
382 3867 467 3942 Non
483 3867 553 3942 iter
571 3877 629 3942 est
645 3866 749 3941 nobis
767 3865 985 3961 faciendum,
1003 3865 1140 3942 rustica
1157 3867 1268 3942 tellus

135 3984 260 4059 Docta
275 3982 459 4082 palaestra
477 3991 594 4081 patet3
613 3980 824 4079 panduntur
841 3980 974 4078 ubique
992 3980 1150 4057 locorum

137 4099 303 4197 Templa,
323 4099 429 4174 docet
445 4109 568 4173 mutus
585 4097 715 4195 paries,
735 4096 824 4172 dant
843 4097 965 4172 iconas
982 4122 1075 4191 arae,

137 4215 189 4291 Et
207 4216 363 4292 subeunt
380 4215 501 4291 animo
517 4213 648 4312 dilapsi
665 4213 840 4313 temporis
858 4213 966 4290 anni
