2988 4730
531 245 650 300 LIBER
681 243 846 302 TERTIUS

359 432 614 510 Circumdatus
632 432 840 528 latronibus,

256 547 461 646 Utramque
480 550 579 624 acuti
598 549 781 646 perforant
799 552 894 627 clavi
912 578 1068 645 manum,

205 741 207 752 ,
358 664 562 763 Utrumque
580 665 764 762 perforant
782 667 923 765 pedem.

224 827 227 833 ·
254 779 300 854 In
319 807 378 855 ore
396 779 513 878 pallor
530 782 698 876 excubat,
717 783 819 879 nigro
838 809 942 857 coma

356 896 534 972 Ooncreta
551 897 687 995 pendet
705 899 889 995 sanguine,

253 1011 438 1110 Ventique
455 1013 611 1088 motibus
628 1014 773 1105 resistit,
794 1014 919 1112 spinea

354 1127 498 1203 Corona
514 1128 645 1228 pungit
663 1130 847 1223 verticem,

254 1243 419 1341 Torpent
435 1243 589 1341 flagellis
607 1245 797 1319 verberata
813 1255 965 1342 tergora,

352 1359 547 1458 Unumque
563 1386 693 1456 corpus
711 1360 841 1435 vulnus
860 1371 925 1434 est.

256 1474 360 1550 Oceli
379 1473 529 1550 choreas
546 1475 640 1549 inter
658 1502 700 1550 ac
720 1485 851 1550 terram
870 1477 984 1550 bonus

355 1589 495 1665 Pendet
512 1589 708 1665 Redemtor
725 1591 762 1664 in
780 1617 897 1684 cruce,

252 1705 305 1780 Et
322 1705 399 1781 dira
415 1706 548 1803 vulgus
566 1706 702 1781 evomit
720 1705 895 1781 ludibrial

353 1820 459 1894 Eheu
478 1821 635 1896 dolorem
654 1821 723 1896 fert
741 1820 814 1916 diu,
908 1887 910 1895 Α

255 1936 372 2028 Quem
388 1948 512 2012 noster
529 1937 651 2012 horret
670 1963 804 2030 sensus,
826 1948 863 2012 et
879 1964 946 2013 nec
964 1937 1125 2036 ingemit,

351 2053 430 2128 Nec
449 2051 616 2150 lacrymis
634 2052 775 2128 vultum
790 2053 898 2150 rigat.

253 2167 343 2259 Quis
359 2195 431 2243 non
448 2179 634 2266 potentem
653 2168 790 2243 viribus
807 2168 1045 2244 constantiam

350 2284 524 2359 Miretur?
542 2283 674 2359 oblitus
694 2285 748 2359 sui

251 2399 390 2476 Hostes
408 2399 618 2476 recordatur
636 2400 839 2494 frementes,
860 2399 1012 2477 brachia

350 2515 537 2612 Expendit
554 2516 599 2590 ad
619 2515 765 2590 Patrem
784 2543 898 2610 suum,

250 2632 302 2707 Et
320 2658 409 2707 voce
426 2631 560 2706 blanda
577 2631 725 2730 perfidis
743 2657 872 2728 pacem
889 2643 1005 2728 rogat.

350 2748 502 2822 Infanda
520 2748 652 2823 caritas
670 2748 757 2824 Dei!

251 2864 399 2939 Amoris
416 2890 438 2938 o
455 2864 558 2960 ignes
574 2863 847 2939 inenarrabiles!

350 2979 381 3055 Ο
400 2979 499 3054 trabs
518 2978 635 3054 amica
652 2979 846 3076 naufragis

250 3093 391 3170 Decora
407 3121 509 3188 erun,
528 3095 735 3172 mortalium
754 3121 838 3193 spes
854 3094 972 3188 unica,

352 3211 431 3304 Quo
449 3223 486 3286 te
505 3211 658 3286 salutem
677 3212 894 3286 carminel...

251 3326 284 3404 Ο
304 3339 440 3426 quanta
457 3327 600 3403 coelum
617 3353 689 3401 nox
706 3326 867 3402 recondit
884 3325 1061 3402 nubibus!

351 3442 539 3541 (Portenta
556 3443 672 3540 fiunt),
694 3442 866 3518 scinditur

250 3559 294 3633 ln
313 3559 401 3634 aede
419 3556 551 3652 velum,
572 3569 846 3634 commoventur
863 3556 1025 3631 cardines

348 3675 515 3772 Telluris,
534 3675 609 3750 alta
625 3676 769 3774 rupium

248 3791 418 3866 Excussa
434 3802 537 3866 motu
554 3803 723 3870 corruunt
740 3790 938 3883 cacumina,

347 3908 457 3983 Multi
474 3920 665 4006 resurgunt
683 3908 832 3996 mortui!

248 4023 308 4097 En
325 4035 440 4099 morte
458 4024 554 4100 victa
571 4025 664 4099 vivit
681 4025 878 4099 humanum
897 4026 1029 4120 genus!

348 4139 398 4230 Io,
418 4138 611 4238 triumphe,
632 4140 753 4237 dicite,

251 4253 511 4354 Quaecumque
528 4266 670 4354 pontus,
691 4266 905 4350 soraterra
922 4254 1092 4349 continet,
