2988 4730
691 217 905 274 CARMINUM

340 401 423 475 Non
442 413 570 478 errant.
590 403 711 479 Hodie
729 431 830 480 sacra
847 406 1031 482 volumina

341 514 576 614 Spemuntur‚
596 520 756 618 petimur
772 522 809 594 vi
827 522 1043 620 sapientiae:

295 699 299 706 .
339 631 444 707 Felix
461 633 647 732 ingenium
665 637 702 710 vi
720 637 921 735 sapientiae

435 749 589 826 Turmas
607 763 773 829 conterat
790 753 960 832 hostiurn.

659 1062 761 1138 ODE
788 1065 930 1140 XXVI.

720 1232 862 1308 MORS.

484 1397 653 1466 Stipendia...
668 1406 772 1470 peccati
788 1421 867 1457 mora.
889 1404 980 1474 (Rom.
1000 1407 1025 1475 6,
1045 1408 1102 1477 23).

394 1547 510 1645 Nigro
528 1550 682 1646 quiescit
699 1553 856 1650 pallidus
874 1556 910 1629 in
928 1568 1016 1651 toro,

393 1663 477 1739 Non
495 1676 551 1740 est
567 1666 700 1764 palato,
718 1670 875 1764 naribus,
897 1674 1043 1750 auribus

492 1781 560 1857 Vis
577 1781 661 1875 ulla,
681 1795 827 1883 torpent
844 1789 1016 1884 membra,
1037 1791 1137 1866 coeci

544 1897 638 1974 Sunt
656 1901 762 1993 oculi,
782 1904 964 1979 taciturna
981 1904 1092 1980 labra.

393 2129 482 2204 Alto
500 2130 663 2228 sepulcro
682 2132 857 2226 conderis,
878 2136 1015 2233 optima

393 2245 521 2321 Multis
539 2246 689 2322 daturus
707 2246 846 2324 fercula
863 2252 1055 2346 vermibus,

489 2361 539 2435 Et
555 2388 686 2459 corpus
704 2361 772 2438 hoc
793 2365 928 2440 vixisse
946 2369 1136 2464 quondam,

538 2476 632 2552 Ossa
648 2477 764 2554 ferent
782 2479 992 2578 cineresque
1011 2484 1137 2582 sparsi.

392 2712 560 2788 Stravere
579 2739 748 2810 quercum
766 2715 902 2789 torrida
919 2714 1072 2812 fulgura,

389 2829 533 2927 Rupere
550 2856 681 2904 navem
700 2857 788 2904 saxa
805 2830 965 2925 latentia,

486 2945 667 3020 Demersit
685 2973 791 3043 agros
809 2945 942 3022 flumen
961 2959 1076 3041 atrox,

534 3061 692 3136 Turbine
711 3060 897 3137 dissiluere
915 3074 1049 3138 tecta...

387 3293 535 3370 Flemus
553 3294 693 3368 ruinam
713 3294 873 3392 corporis
890 3294 1029 3392 inclyti,

388 3409 492 3502 Quod
509 3409 615 3485 finxit
631 3409 759 3506 ingens
777 3409 832 3484 vis
851 3410 1066 3509 sapientiae3

483 3526 672 3600 Labuntur
690 3525 784 3620 anni,
805 3525 880 3600 vita
897 3553 994 3617 mors
1013 3538 1077 3621 est,

531 3640 737 3734 Nascirnur‚
757 3652 798 3715 ut
815 3641 912 3716 mala
928 3643 1044 3717 multa
1063 3643 1160 3740 passi

385 3873 477 3948 Leto
495 3874 718 3950 occidamus!
737 3873 872 3972 frangit
890 3901 980 3972 opus
999 3898 1102 3948 suum

384 3989 520 4064 Rerum
538 4017 728 4087 supremus
746 3990 910 4066 conditor
927 3987 1104 4063 omniurn!

481 4105 566 4181 Non
584 4105 693 4180 diruit
710 4105 825 4204 pictor
842 4103 979 4203 peritus

529 4219 698 4317 Effigiem
716 4232 945 4316 statuamque
962 4213 1124 4310 sculptor
1135 4217 1181 4294 l...

573 4506 652 4543 2³*
