2968 4732
1144 99 1149 104 -
1214 15 1394 150 Ψ

672 228 886 285 CARMINUM

353 415 404 491 Et
421 415 514 491 cassi
532 417 662 491 merito
680 416 814 491 lumine
831 417 1062 514 plectimurl..

354 531 537 629 Quidquid
555 542 660 606 vasta
677 533 751 630 poli
769 532 870 630 regia
888 534 1060 626 continet,

354 646 449 736 Quid
475 647 537 721 uid
554 657 651 722 terra
669 648 749 722 sinu
767 648 928 723 eontinet
945 649 1064 741 ubere,

449 674 589 837 laicos
607 762 703 837 oculi
720 763 859 861 vident3

354 993 436 1086 Sed,
457 993 518 1091 qui
536 991 620 1065 fecit
638 1019 738 1089 opus,
758 992 895 1066 lumina
911 951 982 1067 non
1001 992 1162 1068 vident...

353 1107 546 1184 “Aeternis
564 1108 693 1182 atomis
711 1108 866 1182 mundus
885 1108 1060 1206 originem

352 1224 472 1300 Debet
488 1223 715 1321 fortuitaml,
736 1224 1048 1321 sesquipedalibus

449 1339 581 1416 Verbis
598 1339 688 1415 haec
707 1339 798 1414 fatui
816 1340 958 1418 docent.

352 1571 535 1647 Pictorem
552 1569 698 1645 tabulae
717 1569 881 1670 protinus
899 1569 1063 1661 innuunt,

337 1685 579 1784 'Sculptorem
598 1696 750 1778 statuae,
771 1686 880 1760 docta
896 1684 1082 1759 volumina

351 1803 558 1894 Auctorem,
579 1827 688 1894 arma,
707 1812 814 1894 rates,
835 1827 932 1894 vasa,
953 1798 1090 1898 palatia

448 1917 611 1993 Produnt
627 1916 812 2015 ingenium
830 1917 933 1992 fabri.

350 2147 401 2223 Et
418 2174 566 2246 procera
582 2148 652 2223 Dei
670 2147 819 2244 praebet
836 2147 1031 2246 imaginem

349 2264 479 2357 Arbor,
499 2264 650 2361 praebet
668 2263 746 2338 avis
763 2261 870 2338 dulce
887 2289 1022 2340 canens
1039 2263 1161 2358 melos,

349 2377 517 2476 Bombyx
534 2407 595 2454 ore
613 2406 761 2454 vomens
778 2379 840 2454 fila
857 2379 1009 2473 tenacia,

445 2493 607 2569 Tradens
624 2494 733 2570 mella
749 2494 842 2569 favis
860 2522 962 2593 apes3

348 2722 503 2799 Praebet
520 2723 594 2799 vini
613 2723 707 2800 acidi
725 2735 840 2820 gutta,
861 2725 1088 2803 animalculis

349 2840 451 2930 Quae
469 2866 611 2937 semper
628 2839 785 2915 minimis
804 2840 930 2938 affluit,
949 2841 1093 2919 horrido

347 2953 568 3030 Immensum
586 2954 739 3052 pelagus
756 2956 899 3031 turbine
918 2958 1095 3056 saeviens,

445 3069 614 3146 Condens
631 3082 792 3146 monstra
809 3073 982 3148 natantia.

347 3302 397 3377 Et
414 3301 507 3377 coeli
525 3301 639 3400 piceis
656 3302 813 3378 nubibus
832 3304 948 3400 obsiti,

346 3418 396 3493 Et
412 3417 567 3493 flammis
584 3417 715 3493 trifidis
735 3419 809 3494 tela
825 3423 977 3518 ruentia,

347 3532 449 3625 Quae
467 3532 540 3610 late
558 3535 715 3628 reboant,
735 3561 846 3611 rauca
863 3538 1030 3635 tonitrua,

444 3648 579 3725 Omnes
597 3676 675 3726 esse
692 3651 811 3726 Deum
830 3653 969 3730 docent.

266 3895 271 3908 ’
345 3879 601 3979 Nequidquam
618 3882 770 3960 miserae
788 3885 895 3961 laude
913 3887 1082 3966 scientiae

345 3995 600 4095 Nequidquam
618 3999 773 4096 erigeris,
795 4001 906 4078 stulta
924 4006 1100 4103 superbia,

344 4110 455 4210 Ignes
472 4122 512 4186 tu
530 4112 648 4188 fatuos
665 4116 800 4212 promis
817 4117 1009 4217 inhospitis

443 4225 634 4303 Delectata
651 4229 854 4327 paludibus.
