3040 4732
617 237 736 292 LIBER
765 237 911 294 PRIMUS

394 423 494 500 Scire
511 415 711 518 thesaurus,
732 423 794 499 sed
813 450 933 500 amare
951 426 1127 523 praestat!

392 539 460 614 Est
477 565 578 614 amor
596 540 693 614 vitae
710 539 875 616 columen
891 540 1036 615 beatae!

393 653 487 746 Quid
505 654 553 730 sit
568 653 606 729 in
623 654 717 730 votis
733 653 802 730 nisi
821 655 1040 753 sempiterna

782 769 898 868 Regia
914 770 1028 846 coeli?

645 1238 749 1315 ODE
774 1238 880 1314 XIII.

613 1513 905 1590 annnnmo.

182 1789 259 1844 Sicut
271 1792 340 1843 mian
349 1806 400 1858 per
417 1789 622 1844 Iaobadiaatiam
640 1791 724 1842 unias
741 1789 858 1842 nominis
872 1795 1021 1856 peccatores
1038 1791 1175 1843 constituti
1186 1797 1250 1844 sunt
1261 1791 1350 1859 multa

227 1881 268 1933 ita
285 1887 308 1933 et
320 1896 373 1948 per
391 1881 475 1932 unius
493 1879 667 1932 obeditionem
679 1881 752 1945 justi
769 1879 963 1932 constituentur
980 1879 1067 1933 malti.
1088 1878 1181 1948 (Rom.
1199 1878 1225 1949 ὅ,
1244 1879 1301 1948 19).

394 2163 447 2236 Mi
464 2162 490 2237 J
492 2175 565 2255 esa,
585 2162 721 2260 pateris
733 2163 810 2260 jam
828 2161 979 2236 nimium
998 2161 1069 2256 diu,

393 2279 494 2372 Iesu,
515 2277 630 2354 dulcis
649 2304 758 2375 amor,
772 2279 849 2376 jam
867 2278 1018 2354 nimium
1036 2278 1113 2376 diu3

394 2394 479 2469 Heu
498 2405 678 2493 spectator
695 2394 790 2469 iners
808 2394 911 2469 adsto
927 2394 1026 2470 cruci
1043 2405 1137 2488 tuae,

491 2510 543 2585 Et
560 2510 652 2585 farra
670 2509 843 2585 auxilium
861 2519 975 2586 vetor.

395 2740 491 2837 Noli,
511 2739 623 2838 spina,
644 2751 755 2838 eaput
772 2765 932 2838 pungere
951 2740 1124 2834 saucium,

395 2856 513 2954 Terga
530 2882 636 2954 parce
655 2882 766 2948 sacra,
788 2857 908 2954 stipas,
929 2867 966 2932 et
983 2856 1142 2948 artubus,

395 2972 529 3048 Ramos
546 2972 649 3048 flecte
665 2982 757 3068 tuos,
776 2997 821 3046 ns
839 2972 1064 3070 gravioribus

493 3087 634 3164 Laedat
651 3087 859 3162 vulneribus
877 3114 1017 3162 manus.

396 3317 428 3392 Ο
445 3317 557 3393 slavis
575 3317 713 3392 utinam
730 3317 830 3392 nulla
847 3317 944 3392 acies
962 3317 1068 3393 foret!

397 3433 428 3508 Ο
447 3461 511 3508 vos
529 3444 622 3509 state
642 3433 791 3532 (precor)
810 3433 959 3508 flumina
977 3432 1180 3530 sanguinis!

397 3546 524 3642 Imber,
546 3549 592 3624 da
608 3549 725 3625 calido
742 3548 873 3647 pocula
891 3549 1039 3646 gutturi,

492 3665 620 3741 Finem
640 3691 732 3763 pona
750 3663 941 3756 doloribus,

397 3899 495 3972 Mors
512 3896 660 3973 festinai
681 3897 795 3972 bonae
813 3898 946 3974 currite
964 3898 1156 3996 lacrymae,

396 4013 619 4089 Humectata
637 4039 784 4110 genas...
802 4023 859 4088 ssi
876 4012 1046 4088 Hominis
1064 4012 1133 4088 Dei

395 4128 530 4225 Ingens
548 4128 774 4226 supplicium,
794 4153 866 4203 non
883 4127 952 4203 fuit
969 4127 1070 4202 ullibi

493 4244 613 4319 Tanta
631 4243 782 4320 saevitia
799 4242 900 4319 ferox
