3030 4734
661 197 873 252 CARMINUM

654 726 757 803 ODE
789 726 873 800 XV.

624 1013 899 1087 PATIENTIA.

212 1300 327 1357 Servum
345 1305 432 1350 autem
450 1298 608 1350 Domini-
620 1305 721 1368 oportet
733 1328 767 1336 -
780 1315 835 1350 esee
849 1328 880 1336 -
892 1301 1044 1365 patientem.
1068 1299 1097 1368 (2
1115 1298 1185 1354 Tim.
1206 1299 1229 1368 2,
1249 1299 1313 1369 24).

336 1545 395 1619 Ad
413 1572 518 1644 quem
537 1544 742 1641 confugiam
760 1545 896 1620 tristis?
914 1545 988 1620 Ubi
1005 1574 1124 1621 meras

335 1661 501 1753 Nectum,
523 1659 741 1758 qui'patior?
758 1660 838 1751 Quo
856 1660 976 1736 valide
992 1674 1088 1737 rates
1116 1671 1118 1681 '
1157 1673 1176 1726 t

432 1775 664 1874 Tempestate
683 1775 809 1851 voluta

480 1891 591 1965 Portu
610 1891 808 1988 suscipitur
825 1891 941 1966 bono?
974 1945 975 1950 κ

332 2125 428 2219 Ote,
449 2125 667 2224 praesidium
686 2135 723 2199 et
740 2123 845 2200 dulce
864 2109 990 2200 decum
1008 2154 1138 2221 meum,

331 2241 394 2336 Te,
413 2241 461 2314 mi
481 2240 634 2333 Christe,
656 2250 752 2338 peto⁷
772 2251 808 2314 te
826 2240 990 2334 meditor,
1010 2240 1119 2334 Deire,

427 2355 654 2452 Festinisque
673 2355 818 2430 lacertis

476 2471 607 2546 Oaram
626 2471 762 2568 stringo
780 2465 926 2546 eru'cem
944 2483 1055 2546 tuam.

329 2705 382 2780 Ut
398 2705 512 2778 nubes
530 2701 664 2800 Aquilo
683 2702 843 2801 dissipat,
865 2702 956 2778 haee
975 2705 1049 2779 cito

327 2819 442 2894 Trabs
460 2845 580 2895 aerem
598 2818 714 2892 timidi
731 2819 951 2894 moestitiam
969 2820 1081 2917 levat,

424 2935 505 3027 Hie,
526 2935 586 3031 qui
604 2934 748 3031 pendet,
768 2961 883 3032 egene

472 3051 560 3124 Fert
577 3049 706 3125 solatia
723 3049 852 3124 dulcia.

325 3284 377 3359 Te
395 3307 541 3381 passum
558 3281 715 3374 memini,
735 3282 785 3356 mi
802 3281 912 3374 Deus,
934 3281 1005 3357 heu
1023 3283 1085 3358 diu

323 3399 377 3474 Te
394 3425 540 3498 passum
558 3397 715 3490 memini,
737 3397 878 3495 ligneus
896 3397 954 3474 hio
975 3399 1071 3493 liber,

421 3514 505 3588 Non
523 3524 705 3610 praestare
722 3512 897 3610 magistro
1000 3575 1001 3580 ,

377 3656 382 3662 ·
467 3628 590 3705 Vilem
608 3627 836 3725 discipulum,
856 3640 990 3705 monet.
1012 3647 1013 3652 ’

193 3847 196 3858 ’
297 3959 300 3965 Ι
322 3859 355 3935 Ο
372 3859 397 3935 J
401 3887 472 3953 esu,
493 3859 646 3958 patiar...
667 3869 750 3934 sunt
770 3858 910 3958 (fateor)
929 3861 1026 3936 mala

192 4045 195 4054 .
320 3975 425 4051 Haec
446 3975 579 4051 collata
596 3963 667 4050 tuis
685 4002 808 4073 parva,
827 3975 888 4050 diu
906 3976 983 4074 pati

417 4091 495 4165 Nos
512 4090 700 4188 peccantis
718 4090 850 4166 Adami

463 4204 500 4278 N
503 4216 581 4281 atos
599 4231 739 4308 semper
756 4204 925 4302 oportuit.
