2968 4732
181 216 232 271 194
653 219 866 278 CARMINUM

231 409 322 484 Auri
341 433 440 484 sacra
457 408 585 484 fames:
605 406 709 483 obolo
728 406 929 506 spoliantur
946 408 1061 504 egeni,

328 523 430 600 Gaza
445 524 519 599 ruit
536 565 585 577 -—
603 523 670 598 sibi
689 522 788 598 lucra
800 523 927 598 labore

231 640 280 715 Et
297 638 444 714 Domini
462 639 597 714 virtute
614 649 721 736 parat
738 665 840 716 mens
857 639 998 714 conscia
1015 640 1120 716 recti:

327 756 382 831 Ac
400 782 541 853 semper
556 756 648 830 bene
665 765 771 851 parta
788 765 958 830 reservat.

230 870 511 968 Gonglomerata
529 869 687 968 phalanx
706 870 834 944 studiis
852 870 1051 967 asperrima
1069 870 1154 948 belli

328 979 412 1061 Non
430 996 549 1078 terret,
571 985 632 1083 qui
649 984 787 1083 poplite
804 985 898 1062 flexo

230 1100 343 1177 Tollit
359 1102 405 1176 ad
423 1111 520 1177 astra
536 1127 675 1175 manus.
695 1101 738 1174 ln
756 1099 851 1177 valle
867 1100 1055 1199 repellitur
1078 1102 1203 1197 hostis,

327 1217 424 1291 Dum
444 1216 603 1315 Superos
620 1216 657 1289 in
675 1227 797 1291 monte
814 1216 945 1314 fatigat

230 1333 459 1408 Amramides
477 1332 641 1430 supplex,
661 1330 837 1430 finditque
855 1331 1019 1430 precatio
1036 1333 1160 1425 nubes,

327 1448 405 1524 Neo
423 1448 511 1523 solio
529 1447 682 1523 discedit
702 1447 862 1545 Olympi,

230 1561 280 1637 Ni
297 1562 398 1639 Deus
416 1563 643 1661 omnipotens
660 1562 783 1638 faciles
801 1562 1051 1639 accommodet
1070 1590 1185 1640 aures.

327 1677 399 1756 Ore
417 1704 545 1777 preces
562 1677 745 1754 exercitus
763 1678 890 1775 ingens

230 1793 385 1888 Fundat,
405 1806 446 1869 ut
462 1794 676 1868 indomitam
695 1793 750 1868 vis
768 1803 870 1868 tanta
886 1804 1048 1869 coerceat
1066 1794 1155 1870 iram

327 1910 461 1986 Divina
479 1909 615 1985 virtute
633 1909 789 1984 leonum.

229 2026 313 2099 Non
332 2024 433 2099 dabit
449 2050 522 2099 una
539 2049 686 2117 merum,
708 2049 799 2121 quae
818 2021 997 2120 prominet
1013 2047 1086 2097 uva
1107 2050 1265 2120 racemo,

328 2141 537 2216 Innumeras
555 2139 624 2215 lert
642 2125 748 2213 vinea
764 2139 903 2231 baccas,

231 2255 360 2354 Sisque
378 2256 488 2332 cados
506 2265 629 2330 onerat
646 2264 837 2352 spumante
855 2253 991 2351 liquore
1009 2255 1164 2348 colonus,

327 2371 537 2446 Innumeros
555 2369 655 2466 capit
672 2395 755 2444 area
773 2370 919 2462 culmos,

229 2485 313 2562 Non
330 2487 431 2562 daret
448 2513 519 2560 una
536 2512 670 2584 penum
688 2484 951 2583 quantumlibet
969 2511 1077 2560 aurea
1095 2487 1202 2583 spica,

327 2601 446 2693 Quum
463 2601 562 2678 coelo
580 2601 781 2677 demittitur
798 2600 920 2692 imber,

230 2716 269 2794 Si
286 2729 400 2816 potes,
419 2744 589 2793 enumera
606 2728 738 2814 guttas,
760 2715 889 2814 quibus
907 2742 993 2790 arva
1011 2717 1231 2812 madescunt,

325 2832 421 2924 Quot
438 2833 546 2908 radiis
564 2831 617 2907 sol
634 2833 760 2929 igneus
778 2831 896 2906 ardetl

227 2947 376 3024 Viribus
394 2948 503 3024 unitis
521 2947 664 3023 dabitur
682 2947 835 3022 victoria
850 2988 899 3000 -
917 2947 1033 3045 longe,

325 3063 451 3160 Longo
470 3063 641 3161 (inquam)
662 3063 858 3138 certamine
877 3062 992 3138 fessus

227 3178 352 3254 Victor
369 3190 463 3273 ovat,
482 3221 531 3232 -
547 3180 668 3275 magni
686 3179 911 3254 terebrantur
928 3178 1066 3253 viscera
1083 3180 1230 3274 montis,

328 3293 373 3370 Et
392 3306 516 3392 portus
533 3294 736 3369 conduntur
754 3293 871 3386 amici,

228 3409 527 3507 Construiturque
545 3409 680 3503 domus,
701 3411 762 3485 via
778 3410 892 3487 ferrea
909 3424 1071 3510 permeat
1089 3411 1212 3505 urbes,

324 3525 458 3600 Fervet
476 3551 575 3622 opus,
595 3525 682 3600 dant
700 3538 862 3625 tempora
879 3527 1002 3603 finem:

95 3677 97 3686 ·
226 3637 316 3713 Fide
335 3639 422 3732 Deo,
443 3640 620 3716 contende
638 3640 709 3735 diu,
729 3642 969 3738 praetervolet
987 3642 1085 3739 hora,

323 3753 372 3827 Et
390 3754 500 3831 faciet
516 3783 588 3854 pax
607 3755 681 3832 otia
698 3755 802 3832 laeto.
