2968 4732
539 243 658 298 urana
691 242 870 313 ounnrus

173 431 214 507 si
230 431 350 530 pinnis
368 442 526 524 careant,
547 456 618 504 non
636 430 778 506 findunt
795 458 952 530 aequora
969 432 1099 530 pisces⁷

269 546 455 621 Abscissis
472 545 539 620 alis
556 545 657 621 nulla
675 547 813 621 volabit
831 549 919 622 avis.

173 663 213 739 Si
232 689 379 738 causam
398 661 531 756 demas,
551 689 670 738 rerum
689 662 881 738 cohibetur
899 665 1000 762 origo
1017 705 1066 718 -

271 779 345 871 Qui
361 778 477 876 possit
494 777 604 873 nasci,
622 779 659 851 ni
676 790 879 876 generetur,
899 780 1030 855 homo?

171 897 232 968 An
251 895 349 968 vitae
368 903 534 974 auctores
552 905 637 968 sunt
654 905 799 969 nostrae
817 895 909 970 forte
927 900 1118 993 parentes?

269 1009 442 1084 Rusticus
460 1035 548 1100 arra
563 1008 661 1101 colit,
682 1009 818 1085 semina
834 1011 946 1086 tradit
963 1011 1081 1104 humo,

170 1125 252 1200 Hoc
270 1136 413 1200 tantum
430 1124 576 1200 molitur
594 1150 751 1222 611116-
767 1152 839 1200 non
857 1139 1037 1202 cresceret
1055 1141 1176 1202 autem

270 1239 390 1339 Spica,
410 1239 479 1314 nisi
496 1239 611 1314 nubes
629 1241 888 1338 praecipitaret
906 1269 1027 1340 aquas,

170 1357 221 1431 Ni
239 1357 312 1450 lux,
333 1367 455 1432 aestus
473 1383 562 1451 eam,
582 1356 618 1430 ni
638 1355 942 1433 circumfunderet
959 1369 1030 1454 aer,

268 1473 318 1547 Ni
336 1473 410 1547 vim
429 1471 616 1547 crescendi
635 1499 757 1547 semen
775 1472 924 1548 haberet
941 1474 1050 1548 iners:

171 1588 246 1663 Dat
264 1589 380 1662 virtus
398 1587 555 1662 animam
574 1587 732 1685 supremi
749 1587 907 1662 numinis
924 1615 995 1663 una

268 1704 448 1779 Eductam
466 1702 588 1798 nihilop
607 1703 764 1778 numinis
782 1730 854 1778 una
870 1731 999 1779 manus

170 1821 286 1896 Artus
304 1821 508 1918 compingit
525 1861 574 1872 -
590 1846 672 1894 mea
690 1832 774 1894 sunt
791 1820 928 1895 natalia
945 1821 1053 1913 clara,

270 1936 381 2012 Ortus
399 1935 493 2010 enim
511 1961 644 2031 magno
663 1961 741 2010 sum
759 1935 922 2033 genitore
940 1936 1030 2012 Deo.

171 2053 299 2128 Edidit
316 2079 409 2126 unus
428 2079 527 2126 arnor
544 2079 602 2126 me
620 2051 765 2126 luminis
784 2051 892 2150 hujus
909 2053 946 2126 in
964 2079 1081 2146 auras,

268 2169 330 2242 Me
347 2194 420 2270 non
437 2167 594 2264 indiguit
612 2167 726 2264 gloria
744 2194 884 2242 summa
902 2168 988 2242 Dei!

172 2285 315 2360 Sufficit
332 2283 394 2358 ille
413 2283 481 2358 sibi
499 2308 640 2380 semper
659 2283 734 2357 sine
752 2283 822 2357 fine
840 2283 978 2375 beatus,

267 2404 321 2475 At
337 2427 395 2474 1116
414 2399 554 2474 felicem
567 2398 678 2496 jussit
696 2398 821 2474 adesse
841 2397 925 2472 sibil

171 2517 344 2592 Nondum
363 2541 489 2614 sparsa
507 2512 589 2610 polo
607 2513 793 2588 rutilantia
811 2512 939 2608 sidera,
958 2514 1116 2590 nondum

268 2633 394 2706 Litora
411 2629 580 2727 pulsabat
597 2628 740 2704 mobilis
758 2629 854 2703 unda
870 2629 988 2722 maris,

169 2747 342 2823 Nondum
360 2746 536 2822 tollebant
554 2756 747 2842 praerupta
765 2745 956 2820 cacumina
973 2757 1122 2838 montes,

269 2863 487 2937 Transibant
504 2860 604 2935 fluvii
622 2861 772 2959 pinguia
789 2859 888 2936 culta
904 2860 965 2935 citi
982 2901 1031 2914 --

170 2979 232 3054 Me
250 2990 373 3053 tamen
389 2959 473 3052 ecce
491 2977 599 3070 Deus,
620 3003 678 3051 me
696 2986 781 3050 tunc
799 2976 936 3073 pietate
955 2986 1105 3072 paterna

268 3093 387 3170 Corde
405 3091 593 3168 volutabat
609 3092 857 3196 continuitque
875 3091 971 3166 sinu!

168 3210 338 3286 Nobilior
355 3211 507 3306 cunctis,
526 3236 618 3306 quae
636 3220 730 3284 terra
747 3208 977 3306 amplectitur
994 3208 1097 3301 ulnis,

269 3325 418 3399 Eminet
435 3351 528 3399 unus
546 3322 662 3417 homo,
683 3325 784 3421 regia
802 3334 946 3420 sceptra
963 3335 1073 3415 tenet,
1143 3343 1149 3354 '

167 3441 336 3538 Angelus
355 3451 410 3515 est
428 3467 520 3514 unus
539 3441 672 3514 virtute
692 3439 872 3536 potentior
889 3438 965 3513 illo:

270 3557 492 3631 Fortunatus
509 3555 626 3650 homo,
648 3566 742 3630 sorte
760 3555 888 3630 beatus
909 3554 1032 3630 homo!
