3040 4732
677 203 889 262 CARMINUM

467 394 666 494 Flebatque
684 392 751 466 diri
770 389 929 467 criminis

497 504 688 586 'Vinctum
707 518 836 584 catena
852 504 977 580 ferrea.

467 626 521 703 Ut
536 627 700 700 inretorto
718 622 851 698 lumine

514 741 693 840 Explorat
710 738 824 814 undas
841 736 989 829 eminae,

467 857 568 949 Quae
584 854 686 931 novit
703 880 793 928 uxor
810 851 856 928 ad
873 851 965 926 lares

515 971 695 1069 Sponsum
712 993 937 1044 reversurum
956 993 1055 1042 suos:

465 1087 611 1162 Avebat
628 1085 724 1161 orbis
742 1083 869 1160 anxius

515 1202 651 1278 Salutis
668 1209 852 1276 auctorem
869 1226 996 1296 novae,

465 1318 598 1395 Vatem
616 1326 788 1414 sequutus
805 1315 960 1391 nobilem

513 1435 680 1533 Rogabat
697 1460 757 1509 ore
776 1433 947 1532 supplici:

464 1551 598 1626 Rorate
616 1548 709 1626 eoeli
728 1549 890 1647 desuper,

512 1666 711 1763 Nubesque
724 1666 865 1763 justum
884 1663 1037 1757 fundite,

463 1782 587 1858 Tellus
605 1781 704 1856 odori
722 1780 892 1880 germinis

512 1897 631 1972 Instar
649 1896 901 1972 Redemtorem
920 1895 987 1973 eie.

463 2013 505 2089 Io
521 2012 715 2110 triumphe·
732 2012 882 2088 vocibus

513 2129 622 2204 Peter
640 2155 828 2227 supremus
846 2128 988 2204 annuit!

464 2244 505 2319 Io
522 2244 714 2342 triumphe,
735 2245 900 2341 parturis,

512 2358 544 2434 Ο
562 2357 678 2456 Virgo
696 2359 825 2456 Mater,
844 2359 981 2436 filium!

464 2473 534 2566 Qui
553 2501 678 2572 sparsa
695 2475 769 2550 late
787 2474 905 2550 sidera

511 2589 730 2688 Terramque
748 2591 949 2689 subjectam
967 2592 1072 2689 regit,

462 2705 632 2784 Tenellue
649 2706 767 2781 infans
784 2705 946 2783 abditum

511 2824 689 2920 Praesepe
706 2847 777 2896 non
795 2821 916 2898 horret
932 2822 1047 2898 bovis,

462 2939 537 3015 Uni
555 2938 633 3013 Deo
651 2937 698 3012 sit
715 2935 829 3035 gloria

511 3054 561 3128 Et
578 3051 674 3127 alma
689 3078 762 3150 pax
779 3052 1026 3128 mortalibue..

462 3170 561 3245 Inter
577 3194 727 3243 corusca
744 3167 880 3243 lumina

512 3284 658 3360 Oanunt
675 3294 824 3359 ouantes
842 3282 973 3381 angeli.

462 3401 622 3477 Gurrunt
638 3399 735 3474 beati
752 3398 887 3492 nuntio,

510 3515 753 3612 Flectuntque
770 3524 933 3613 pastores
949 3539 1061 3611 genu;

461 3631 541 3708 an
558 3641 728 3730 promunt
744 3655 892 3704 munera

511 3744 662 3822 Stellam
680 3745 795 3820 secuti
813 3743 1005 3842 principes,

459 3862 573 3959 Adire
592 3888 704 3936 cunas
722 3860 837 3936 audeo
1024 3947 1025 3954 ἵ

509 3978 560 4052 Et
577 3978 654 4074 ipse
672 3986 841 4074 peccator
857 3985 954 4072 tuas;

463 4092 495 4170 O
514 4092 560 4168 da
577 4091 774 4185 seientiam,
795 4117 892 4189 puer,

512 4208 694 4284 Flammas
712 4205 842 4282 amoris
859 4206 1014 4284 excita...
