2972 4738
599 229 718 306 trena
751 251 896 306 snxrns

177 459 179 470 ’
263 437 342 536 (Μ.)
364 436 534 535 “Triplex
552 447 616 530 est,
637 463 721 512 care
738 436 951 512 Palaemon!

164 554 292 630 Fontis
311 553 410 650 origo
428 552 527 626 mali.
546 552 662 650 Cujus
681 563 765 627 sunt
782 551 910 626 messis
928 562 965 626 et
983 552 1089 627 arbor

164 669 334 762 Divitiae,
354 668 479 742 didicit
493 667 696 742 convellere
715 693 862 741 vomere
879 665 1016 763 glebae,

162 784 320 859 Tradere
338 809 461 859 semen
477 777 597 876 hume,
618 781 779 880 lymphis
797 783 946 857 arbusta
963 782 1093 879 rigare.

164 898 285 998 Opilio
303 899 430 974 didicit
449 898 618 996 pecudes,
640 898 802 973 didicere
820 897 978 973 bubulci.
1093 953 1099 970 .

162 1015 398 1090 Disce-scies!
419 1015 498 1088 Lex
515 1015 588 1089 est!
609 1014 752 1111 Regina
771 1013 940 1111 superbia
958 1041 1044 1088 vero

163 1131 345 1205 Continuo
363 1131 483 1204 renuit
501 1129 629 1204 studiis
647 1130 833 1205 intendere
851 1140 1024 1205 mentem.

163 1245 222 1319 En
239 1245 425 1320 Melicerta
441 1271 542 1348 pner,
562 1245 622 1320 cui
641 1245 797 1374 septima
814 1245 968 1320 vertitur
986 1254 1116 1338 aestas,

164 1361 249 1435 Tiro
266 1361 382 1435 bonus
400 1360 528 1435 didicit
513 1371 694 1435 tmemorr
686 1361 779 1435 sub
797 1367 946 1457 pectore
964 1387 1125 1456 servans,

70 1528 73 1533 -
166 1475 267 1566 Quae
286 1475 410 1551 Christ
395 1487 454 1550 tus
473 1475 606 1568 docuit,
627 1476 841 1590 fieriquaeJ
834 1476 1004 1550 ussit-
1022 1475 1138 1551 atille
1233 1459 1237 1480 ἱ

164 1591 235 1665 Aa
222 1603 322 1666 tocco
339 1602 373 1666 st
358 1591 428 1666 ttul
414 1603 481 1684 t,us
501 1591 558 1667 cui
577 1592 662 1666 vina
678 1592 846 1667 rubentia
864 1619 984 1686 curae,

165 1706 251 1781 Heu
268 1733 313 1782 ne
331 1707 448 1805 prima
465 1707 610 1805 quidem
628 1707 730 1782 Fidei
748 1707 922 1804 mysteria
939 1653 1058 1782 ndvitl

165 1821 346 1896 Dixerunt
363 1850 501 1898 omnes:
521 1823 642 1920 Ignoti
660 1821 761 1900 nulla
779 1822 929 1920 cupido!

167 1935 240 2026 Qut
257 1937 404 2012 damnes
422 1939 568 2035 ignota?
586 1938 724 2012 Tamen
742 1939 957 2012 temerarius
975 1938 1036 2013 ille

166 2051 277 2127 Ridet
294 2079 399 2128 sacra
416 2053 486 2128 Dei
503 2097 552 2108 -
568 2064 713 2152 potator
732 2053 892 2128 aheneus
909 2053 987 2128 illel
998 2054 1032 2150 l„

266 2166 436 2243 “Semina
453 2170 634 2244 commisit
651 2180 769 2244 terrae
787 2195 964 2266 generosa
981 2157 1143 2264 colonus,

165 2283 217 2359 Et
233 2284 316 2382 pius
333 2282 535 2382 ingreditur
552 2285 624 2359 cari
644 2285 846 2382 penetralia
862 2284 1002 2382 templi.

166 2398 330 2474 Victima
345 2399 488 2497 peccati
504 2400 636 2475 nostris
656 2399 804 2475 offertur
821 2400 858 2474 in
875 2399 962 2476 aris:

166 2514 234 2590 Ille
252 2540 349 2612 genu
365 2514 459 2589 flexo
475 2514 651 2590 tremulas
669 2515 714 2589 ad
735 2515 852 2590 sidera
871 2515 1012 2612 palmas

167 2629 288 2722 Tollit,
309 2640 345 2706 et
361 2629 562 2728 ingeminat
579 2630 758 2706 ferventia
774 2640 875 2706 vota:
896 2630 1109 2706 Redemtorl

168 2746 228 2820 Da
245 2744 407 2843 placidos
425 2745 569 2839 imbres,
590 2759 627 2820 et
645 2746 731 2820 solis
748 2746 852 2821 mitte
872 2747 1020 2839 calores,

169 2861 318 2936 Grande
336 2861 464 2959 procul
482 2861 644 2958 frigusve
661 2889 793 2937 nocens
811 2873 998 2959 tetraeque
1016 2860 1196 2936 locustae!

169 2979 348 3052 Censores
366 2976 487 3052 Fidei!
507 2978 544 3052 N
546 3004 592 3052 on
610 2978 727 3053 crevit
744 2978 864 3052 cordis
882 2979 919 3051 in
937 3004 1026 3074 agro

168 3090 278 3167 Alma
295 3092 405 3168 Fides
423 3103 554 3186 vestro,
574 3093 659 3190 quia
676 3121 747 3168 uon
759 3094 918 3194 pctci'stc‘s
936 3092 1104 3168 eandem!

45 3302 51 3314 Ι
167 3205 266 3282 Ecce
283 3234 411 3304 preces
430 3235 573 3306 semper
589 3209 716 3306 regina
734 3209 903 3306 superbia
921 3207 1070 3306 sprevit.

170 3323 361 3399 Cornelius
380 3351 465 3400 vero
485 3324 660 3424 (narravit
678 3323 856 3422 Thyrsus)
876 3325 1015 3400 amicus

169 3438 351 3538 Colloquii
370 3441 459 3514 sacri
477 3441 611 3515 meruit
630 3439 776 3535 Simone
794 3440 944 3515 docente

169 3555 288 3630 Nosse
306 3555 437 3631 Deum.
457 3556 608 3632 Nutrita
627 3555 705 3632 oleo
724 3557 787 3632 dat
805 3556 942 3631 lumina
959 3554 1111 3653 lampas,

170 3670 374 3746 Deficiente
393 3683 515 3770 negat.
535 3672 618 3746 Tibi
636 3683 778 3747 constat
796 3698 907 3747 causa
925 3670 1120 3768 secunda„.

268 3785 417 3861 “Tertia
433 3814 529 3862 nunc
547 3787 677 3862 aderit:
697 3786 793 3862 Puer
811 3814 855 3862 en
873 3797 1070 3885 praeeunte
1088 3785 1264 3882 magistro

171 3901 303 3977 Reddit
321 3903 431 3978 rerba
448 3903 555 3996 notis,
575 3903 804 4001 obtemperat
820 3902 882 3978 ille
901 3902 1037 3996 scienti,

170 4018 336 4094 Parendo
354 4018 463 4094 discit
481 4016 658 4094 scribendi
675 4018 807 4094 nobilis
825 4030 952 4095 artem.

169 4132 281 4208 Alma
298 4134 408 4210 Fides
424 4135 571 4234 plantae
590 4128 729 4231 similis,
749 4134 808 4209 cui
828 4146 933 4233 septa
951 4134 1089 4210 calores

139 4278 152 4297 ·
172 4249 356 4326 Continuo
374 4252 560 4348 praebent,
580 4251 617 4325 ni
636 4249 776 4326 fervida
794 4251 968 4348 praebeat
987 4261 1117 4326 aestas.
1183 4331 1188 4342 ,
