3030 4734
598 225 719 280 nmen
746 227 915 295 000000

333 414 458 490 Allata
475 413 566 488 rictu
585 412 723 488 fercula
741 414 883 506 devora,

334 529 550 604 Crudelitati
567 529 689 603 debita
707 529 855 626 fereula,

335 725 337 732 .
430 645 510 720 Hoc
527 645 640 718 imbre
658 643 838 718 laetantur
856 645 1005 741 feroces,

478 760 548 834 His
564 759 705 833 inhiant
723 759 875 857 dapibus
893 761 1055 858 tyrannii

335 989 405 1065 Sed
423 991 548 1064 tendet
566 1002 670 1064 atrox
687 990 835 1065 insidias
852 1018 975 1089 nepos,

332 1107 459 1202 Regno
478 1117 628 1202 paterno
646 1117 682 1180 te
701 1106 800 1179 dabit
818 1107 962 1181 exulem

429 1222 624 1314 Romanus,
644 1222 865 1321 augebisque
882 1223 970 1298 fletu

479 1336 609 1432 (Crede
627 1336 727 1434 mihi)
749 1337 914 1412 Rhodani
932 1339 1076 1433 fluenta,

331 1565 519 1640 Lustrabis
538 1593 644 1662 agros
662 1565 793 1664 hospes
811 1567 960 1662 iberiae,

331 1683 516 1756 Aerumna
534 1682 676 1778 franget
693 1694 729 1756 te
747 1683 939 1781 profugum
958 1711 1088 1778 cernes,
1109 1726 1111 1734 .

427 1798 453 1872 J
455 1797 550 1871 udex
569 1798 717 1891 sedebit,
737 1800 794 1872 cui
812 1799 837 1874 J
840 1826 974 1874 oannes

478 1912 618 1988 Stravit
636 1913 714 2010 iter,
733 1915 834 1989 Deus
851 1915 982 2012 Agnus
1000 1914 1088 2011 ipse.

640 2223 742 2297 ODE
769 2222 864 2298 VIII

678 2398 831 2472 ocum.

272 2630 275 2636 .
359 2581 460 2633 Emitte
479 2581 561 2632 lucem
580 2587 654 2632 tuum
673 2587 696 2632 et
714 2583 851 2631 veritatem
873 2577 1031 2648 tuam.'(Ps.
1051 2580 1094 2649 42,
1114 2581 1154 2651 3).

333 2731 407 2806 Dat
424 2731 527 2805 nobis
545 2731 665 2806 oculos
684 2731 914 2828 omnipotens
933 2730 1044 2828 Deus⁷

335 2847 413 2938 Quo
431 2873 501 2920 non
519 2857 574 2920 est
592 2846 726 2940 melior,
747 2873 818 2919 nnn
837 2847 1070 2944 sapientior...

333 2962 442 3037 Parvi
461 2961 667 3054 suntoculi,
689 2961 892 3058 prodigium
911 2962 981 3036 Dei

429 3077 583 3176 Experti
600 3076 733 3151 medici
752 3086 911 3173 stupent.

335 3309 373 3384 Si
391 3309 498 3383 tollas
516 3306 650 3399 oeulos,
670 3306 770 3380 nulla
788 3305 864 3380 dies
882 3306 982 3400 nitet,

332 3423 383 3498 Et
399 3450 472 3497 nox
490 3421 631 3520 squalet
648 3421 752 3513 iners,
774 3420 845 3495 heu
863 3421 985 3496 miseri
1003 3448 1112 3497 manu

332 3539 607 3614 Praetentamus
624 3537 703 3633 iter,
722 3536 758 3610 ni
776 3563 894 3612 cernes
912 3535 1066 3634 impiger

429 3654 592 3729 incertos
609 3663 757 3728 moveat
773 3651 895 3751 pedes.

332 3887 416 3961 Heu
434 3886 525 3961 fiunt
542 3884 680 3959 minimi
699 3882 845 3976 lumina,
866 3908 957 3980 quae
976 3881 1109 3976 valent,

332 4002 382 4077 Et
400 4002 536 4100 grando
555 4010 728 4098 segetum,
748 3999 894 4074 flamma
912 4023 1024 4072 vorax
1042 3997 1179 4094 domus,

332 4118 443 4194 Latro
462 4143 591 4192 saevus
609 4142 728 4212 epum,
748 4125 832 4189 trux
850 4114 1031 4210 pecudum
1050 4113 1157 4212 lupus

429 4232 612 4308 Virtutem
631 4258 671 4306 ae
689 4230 845 4328 pretium
862 4229 1030 4328 probant.
