2962 4742
566 203 685 256 LIBER
713 201 901 258 SEPTIMUS

155 389 261 464 Unde
281 387 372 463 tibi?
391 389 453 463 dat
470 387 569 485 ligna
586 415 713 462 nemus
731 387 866 462 succisa
884 387 1038 484 bipenni,

155 503 273 600 Ligna
290 503 371 578 Dei.
391 503 492 577 Tunc
510 531 639 578 saccus
657 502 761 594 inest,
782 502 840 577 cui
858 502 1020 576 cannaba
1037 501 1140 576 funes

151 619 209 692 Ac
228 645 292 692 zea
309 618 396 692 dant
414 628 583 710 stramen,
604 617 745 692 vilescit
763 644 901 710 sacena,
921 629 959 692 at
977 615 1039 690 illo

153 733 305 831 Semper
323 761 418 829 eges,
439 733 495 808 dic
514 732 608 808 unde
626 733 727 806 tibi...
747 733 834 807 dant
850 759 999 806 munera
1016 730 1170 829 plantae,

152 848 243 939 Quis
261 848 349 924 fecit
368 849 535 947 plantas?
552 848 636 923 huic
656 875 760 923 sacco
778 849 973 946 imponitur
991 848 1092 940 alter,

150 963 327 1039 Cannaba
345 965 432 1039 dant
448 963 559 1057 illum,
580 975 657 1039 seta
674 963 835 1061 repletur
853 990 1025 1061 equorum

149 1079 367 1155 Antonium
387 1081 503 1154 lana...
523 1080 623 1154 Deus
641 1079 731 1154 haec
750 1079 948 1154 animantia
958 1077 1072 1152 'secitl

148 1194 280 1269 Lintea
298 1207 517 1288 sternuntur,
538 1195 607 1270 fert
625 1195 736 1270 linum
755 1195 881 1269 textile
899 1220 1038 1285 munus,

147 1310 282 1385 Linum
300 1311 427 1408 planta
445 1311 530 1407 Dei3
549 1323 632 1386 sunt
649 1310 854 1410 pulvinaria
872 1309 983 1402 lectis,

147 1424 325 1501 Cannaba
343 1438 426 1502 sunt
444 1427 528 1502 lana
546 1431 669 1504 setave
687 1427 828 1520 referta,
849 1436 1021 1524 teguntur
1098 1463 1102 1472 ·

146 1538 256 1637 Lin03
275 1523 436 1639 gossipio
454 1553 596 1618 constat
617 1554 683 1618 tna
698 1542 843 1638 culcita,
862 1541 1028 1638 plumis...

145 1653 263 1730 Estne
281 1668 365 1733 tuns
383 1658 520 1732 lectus?
536 1659 712 1734 Dominus
730 1657 795 1732 tibi
815 1657 1021 1732 commodat
1038 1655 1149 1748 illum,

145 1767 273 1846 Donec
293 1773 373 1869 agis
393 1773 515 1870 vitam,
534 1773 628 1849 lecto
647 1774 839 1849 donabitur
856 1774 992 1848 haeres.

143 1883 259 1960 Disce
277 1888 426 1963 subesse
445 1890 534 1985 Deo,
554 1890 732 1965 cervicem
748 1890 855 1966 flecte
874 1889 1077 1987 superbam.

247 2002 320 2099 (A.)
341 2006 511 2081 Admiror
529 2017 689 2104 pontum,
710 2033 801 2106 quae
820 2005 956 2081 circum
976 2004 1144 2096 volvitur,
1165 2002 1263 2077 unda

143 2117 209 2193 Me
226 2121 336 2216 rapit:
358 2148 488 2198 oceano
506 2147 622 2196 novus
640 2121 699 2196 hic
719 2121 976 2218 superincubat
994 2132 1065 2194 aer.

141 2235 216 2310 Est
232 2264 340 2330 mare,
362 2249 445 2312 sunt
463 2237 579 2333 pisces
598 2237 770 2330 homines,
792 2235 962 2311 animalia
979 2247 1121 2326 cuncta,

139 2351 232 2426 Alta
250 2363 378 2448 petunt
398 2352 563 2428 volucres
582 2353 746 2428 sublatae
763 2353 897 2449 remige
915 2377 1043 2449 penna,

66 2522 68 2528 -
138 2467 223 2546 Ima
238 2478 364 2543 tenent
383 2467 557 2563 homines,
578 2469 775 2544 animantia
791 2481 948 2564 caetera3
967 2466 1076 2566 piscis

137 2581 331 2658 Fluctibus
349 2595 495 2681 ereptus
512 2585 673 2682 moritur,
692 2611 911 2660 moreremur
928 2583 1071 2681 ubique,

139 2695 183 2772 Si
201 2697 302 2773 Deus
320 2711 444 2774 aereas
463 2700 603 2775 anobis
621 2701 765 2776 tolleret
783 2701 908 2796 undas,

139 2811 182 2887 Si
200 2824 367 2889 tenuaret
385 2842 457 2909 eae,
478 2816 507 2890 si
525 2817 771 2909 condensaret‚
792 2843 900 2891 easve

138 2926 324 3003 Continuo
343 2930 484 3005 infestis
501 2931 660 3029 repleret
677 2932 859 3028 odoribus3
879 2957 963 3006 ecce

139 3042 325 3142 Respiras,
348 3073 489 3144 semper
505 3048 697 3145 respiras...
716 3049 820 3145 cujus
838 3074 877 3122 es
895 3047 1003 3143 ergo?

140 3161 251 3235 Nunc
271 3160 385 3257 spirat
404 3161 494 3236 lenis
511 3162 717 3262 mulcetque
735 3162 917 3237 Favonius
936 3187 1033 3253 arva,

141 3275 342 3351 Pulvereas
359 3277 472 3352 moles
489 3278 625 3352 Boreas
642 3306 738 3354 nunc
758 3291 901 3377 torquet
918 3279 955 3352 in
972 3277 1106 3352 orbem.

141 3391 183 3466 Si
201 3403 345 3490 raperet
364 3393 498 3468 Boreas
517 3393 708 3487 hominem,
729 3395 757 3469 si
776 3408 954 3492 mergeret
971 3393 1089 3467 unda?

141 3506 260 3606 Saepe
279 3508 418 3606 agitata
435 3510 507 3584 ruit
526 3511 655 3586 validis
673 3511 914 3610 Aquilonibus
932 3510 1015 3602 ilex,

139 3622 329 3699 Oceanum
347 3625 503 3720 turbant,
523 3637 664 3702 montes
682 3626 875 3701 volvuntur
893 3651 1076 3724 aquarum.

49 3761 51 3768 ’
140 3738 212 3829 Qui
230 3738 319 3813 fecit
337 3751 474 3834 ventos,
495 3752 550 3816 est
569 3769 655 3816 sane
673 3741 797 3818 fortior
815 3740 923 3815 illis...

138 3853 317 3930 Temnere
328 3857 433 3955 jussa
450 3857 519 3931 Dei
537 3857 759 3948 miserandus
776 3856 1016 3935 homunculus
1033 3856 1158 3932 audet!

138 3968 197 4042 En
215 3969 319 4067 picea
336 3973 453 4046 nubes
471 3972 612 4048 coelum
631 3973 786 4070 caligine
803 3973 969 4068 condunt,

138 4083 430 4184 Praecipitantur
447 4114 570 4186 aquae,
590 4089 812 4188 reboantqne
830 4089 988 4164 tonitrua
1005 4088 1087 4183 late,
1206 4185 1210 4192 ,

138 4197 229 4274 Tela
245 4201 396 4278 trisulca
414 4203 586 4280 micant...
605 4204 812 4304 percelleris
829 4231 917 4282 ecce
933 4205 1072 4300 timore,
