3030 4734
610 227 729 282 arnan
757 230 925 298 Qnrnrns

343 409 412 486 Est
428 412 583 511 ignavus
600 441 710 510 amor,
730 427 814 491 sunt
833 416 973 493 steriles
991 446 1126 517 preces,

342 525 391 602 Ni
402 529 579 626 jungatur
597 557 700 628 opus3
720 531 822 608 fortis
840 559 939 608 amor
956 533 1024 609 sibi

340 642 508 740 Angores
525 647 635 721 animi
652 649 823 723 continuo
841 649 936 746 petit

437 761 713 860 Aerumnasque
730 763 974 862 gravissimas.

336 987 428 1079 Quis
445 1004 606 1068 nostrum
627 994 770 1070 sceleris
787 1022 900 1094 purus
918 1006 955 1071 et
972 997 1112 1094 integer

337 1106 406 1182 Est
424 1108 578 1205 culpae?
595 1108 747 1184 Trutina
764 1110 874 1185 eorda
891 1110 1000 1186 librat
1018 1112 1127 1205 Dens,

336 1220 467 1300 Sontes
486 1252 603 1322 poena
620 1211 777 1301 manet...
796 1227 958 1325 quisquis
976 1239 1076 1303 amat
1093 1229 1224 1327 Deum,

434 1340 592 1416 Poenam
611 1368 683 1416 non
699 1342 833 1439 refugit
851 1370 964 1418 suam.

333 1575 385 1649 Et
401 1576 449 1671 fit¹
461 1603 578 1674 poena
595 1576 730 1673 gravis,
750 1575 780 1650 si
799 1575 928 1650 vitium
945 1603 1067 1674 grave,

333 1690 384 1767 Et
401 1692 443 1766 fit
460 1718 577 1789 poena
593 1692 725 1789 gravis
747 1692 776 1766 si
796 1692 925 1766 vitium
943 1691 1145 1790 frequens...

329 1805 385 1880 Et
402 1808 431 1882 si
450 1808 579 1883 crescit
597 1834 704 1901 amor,
724 1807 766 1881 fit
783 1807 899 1882 levius
911 1807 1052 1905 jugum,

429 1924 552 2020 Atque
570 1949 742 1998 aerumna
760 1923 914 1997 suavior.

329 2153 409 2231 Nos
427 2183 596 2232 aerumna
616 2156 731 2249 decet,
753 2155 781 2231 si
800 2154 936 2230 dociles
955 2182 1088 2248 sumus,

330 2269 421 2346 Esse
439 2272 567 2370 ingens
585 2271 740 2370 pretium
764 2272 936 2368 temporis
959 2270 1030 2346 hen
1048 2271 1176 2366 brevis,

329 2385 469 2484 Lapsos
487 2414 566 2462 esse
584 2387 661 2461 dies
679 2386 944 2481 irrevocabiles,

426 2502 559 2578 Terrae
577 2502 671 2578 dona
688 2501 844 2600 fugacia.

325 2733 430 2811 Haeo
448 2737 477 2811 si
495 2747 598 2811 tanta
615 2736 717 2811 vides
735 2736 881 2832 lumina,
899 2762 986 2810 num
1005 2736 1071 2810 tibi

326 2852 439 2928 Coeei
458 2863 542 2928 sunt
561 2853 680 2927 oculi?
698 2852 754 2926 Tu
770 2852 890 2928 radios
908 2852 1017 2926 bibis!

324 2968 410 3044 Non
428 2995 610 3067 praepono
630 2969 701 3043 tuis
718 2968 855 3042 lumina
873 2967 1027 3043 Davidis

424 3083 641 3176 Occidentis,
661 3082 850 3158 adulteri...

321 3316 377 3391 Te
395 3317 559 3392 Romana
576 3316 685 3392 Fides
703 3317 777 3392 sole
794 3317 985 3414 potentior,

321 3432 406 3524 Qua
423 3431 525 3508 fulsit
542 3460 663 3531 puero,
684 3433 763 3508 luce
781 3433 898 3506 virum
917 3433 1030 3529 fovet3

320 3547 524 3625 Fortunate
542 3549 688 3642 Valens,
709 3549 772 3623 lux
790 3548 934 3646 populis
951 3560 1016 3624 tua

420 3665 504 3739 Non
522 3675 577 3740 est
594 3676 673 3741 orta
691 3665 914 3740 videntibus!

319 3897 522 3974 Fortunate
539 3899 693 3975 Valenst
714 3901 799 3976 Una
817 3899 913 3974 salus
931 3899 1024 3997 pati!

317 4013 456 4088 Tobiae
474 4014 600 4090 similis
617 4026 724 4090 nocte
742 4015 960 4113 probaberis,

316 4130 465 4205 Almam
484 4132 597 4206 victor
615 4157 728 4207 ovans
746 4131 838 4207 lucis
856 4132 1032 4230 originem

416 4246 728 4346 Contemplaberis
745 4248 897 4346 integer.

1297 229 1350 283 219
