3040 4732
656 211 868 268 CARMINUM

657 733 759 812 ODE
785 732 872 808 XII.

605 1027 611 1039 '
635 1009 903 1084 sennenn.

183 1287 289 1356 Semper
298 1288 428 1342 discentes
440 1292 465 1340 et
475 1301 612 1354 nunqnam
624 1286 661 1338 ad
672 1285 811 1339 seientiam
824 1285 944 1338 veritatis
952 1285 1135 1352 pervenientes
1149 1283 1179 1355 (2
1191 1283 1262 1340 Tim.
1272 1286 1297 1356 3,
1310 1286 1355 1356 7).

397 1551 542 1628 Orbitas
560 1550 651 1628 coeli
669 1552 810 1628 calamo
827 1560 1025 1643 recensent,

397 1667 587 1766 Temporis
605 1666 698 1766 lapsi
715 1666 910 1742 meminere
928 1675 1041 1764 gesta,

397 1783 481 1858 Rite
499 1782 709 1858 describunt
726 1782 880 1882 populos
897 1793 934 1857 et
951 1780 1094 1879 amplae

726 1953 728 1960 .
787 1897 932 1996 Oppida
948 1908 1077 1973 terrae.
1201 1985 1203 1992 y

399 2131 541 2206 Bestias
559 2155 682 2206 omnes
698 2141 900 2229 numerant,
917 2130 1066 2208 metalla

398 2248 540 2324 Cuncta
558 2239 794 2345 cognoseunt,
815 2246 973 2323 didicere
990 2246 1148 2345 plantas:

399 2363 717 2440 Nesciunt-autem
736 2362 939 2461 propiora„
958 2363 1054 2438 sese!

787 2478 925 2555 Flebile
943 2477 1045 2554 dictu
1059 2479 1068 2554 l

400 2711 485 2787 Heu
503 2711 570 2787 sibi
588 2710 683 2788 desti
700 2711 820 2787 miseri
838 2712 1015 2805 videntur,
1050 2801 1053 2808 Ι

400 2828 544 2904 Nomen
561 2837 747 2904 aeternum
765 2826 951 2903 celebrant
966 2837 1133 2926 nepotes:

401 2938 481 3021 Hos
499 2971 566 3042 ego
584 2942 682 3019 luctu
699 2946 890 3042 satyrique
908 2955 1018 3019 acuta

791 3058 932 3134 Censeo
949 3058 1090 3158 dignos.

403 3288 548 3380 Quanta
565 3288 757 3365 stultorum
775 3289 871 3387 legio
889 3315 953 3386 per
970 3289 1106 3365 orbem!

404 3404 558 3480 Indiam
576 3404 725 3480 vivunt!
745 3415 866 3481 tamen
885 3403 931 3480 ad
948 3404 1105 3479 tribunal

403 3519 577 3618 Cogimur
594 3520 726 3618 cuncti,
745 3521 821 3597 sine
838 3521 909 3595 fine
927 3519 1062 3595 dudum

791 3637 909 3712 Ardet
925 3637 1111 3712 Avernusl

404 3865 447 3940 In
465 3865 560 3942 diem
578 3865 723 3943 vivunt!
742 3866 889 3966 inopina
904 3893 1009 3960 mors,
1031 3879 1067 3942 et

406 3981 556 4080 Semper
572 3981 697 4058 infelix
715 3981 867 4057 ululabit
885 4009 1050 4080 agmen...

406 4095 514 4173 Stant
530 4123 664 4192 comae,
683 4097 713 4172 it
730 4095 838 4172 sudor
854 4096 1003 4195 gelidus
1024 4122 1088 4195 per
1105 4105 1204 4172 artus

795 4212 974 4288 Funditur
991 4212 1131 4287 horror!
