2988 4730
203 183 258 240 150
681 187 894 246 GARMINUM

286 378 463 453 Immotus
480 377 579 475 rigeo
597 376 789 453 macilento
805 375 962 474 pallid‘us
980 402 1050 468 ore,

384 492 521 569 Surdae
540 519 643 568 aures
660 505 697 568 et
715 492 852 567 lumina
869 492 1003 587 clausa,

284 609 405 684 Labra
422 608 538 704 silent,
562 610 743 708 capitique
762 636 905 685 crucem
925 610 1012 684 dant
1029 609 1167 684 lumina
1183 609 1331 704 circum,

380 725 503 801 Turba
520 727 629 820 venit,
649 725 737 800 mihi
756 726 938 824 spargitur
954 726 1060 820 unda,

282 841 492 941 Ejiciorque
510 842 616 917 domo
634 842 799 917 dominus
815 842 1026 940 tumuloque
1043 841 1226 935 recondes,

380 958 430 1032 Et
447 958 629 1056 lacrymae
646 957 844 1034 funduntur
861 959 1000 1034 inanes:

281 1072 435 1150 Viscera
452 1075 646 1150 corrodunt
662 1100 802 1150 vermes
820 1075 1028 1172 cineresque
1046 1075 1254 1172 supersunt!

379 1191 448 1266 Est
463 1191 570 1290 primi
587 1190 777 1266 tribuenda
793 1190 953 1288 parentis

279 1305 386 1383 Haec
404 1333 539 1382 merces
557 1306 721 1404 operi-
738 1307 801 1381 sed
818 1306 965 1403 spiritus
983 1316 1066 1381 ante
1083 1303 1252 1401 tribunal,

380 1423 500 1514 Quum
518 1422 672 1520 primum
689 1421 731 1495 fit
748 1422 907 1520 corporis
926 1448 1066 1520 erpere,

282 1536 439 1630 Sistitur‚
460 1564 543 1612 ecce
561 1536 670 1630 Deus,
691 1537 752 1635 qui
769 1537 861 1634 lapsi
879 1537 1052 1634 temporis
1070 1547 1154 1612 acta

379 1653 523 1730 Cuncta
541 1654 649 1748 videt,
669 1654 866 1753 penetralia
883 1654 1000 1729 cordis

283 1769 413 1847 Omnia
431 1780 621 1863 scrutatur,
642 1795 748 1867 quem
766 1769 922 1844 mendax
939 1769 1061 1844 fallere
1078 1769 1203 1866 lingua

378 1885 491 1960 Nulla
508 1895 637 1982 potest,
656 1885 727 1960 heu
745 1885 885 1960 vindice
902 1911 1018 1983 poena

280 2001 440 2076 Exercet
458 2001 595 2076 sontes!
614 2001 711 2074 Dum
729 1999 817 2075 talia
834 2001 938 2076 corde
956 2000 1088 2094 1011110,

376 2116 506 2192 Nudus
524 2143 633 2215 opum
650 2116 893 2214 lacrymabilis
910 2115 999 2210 Irus,

279 2231 330 2306 Et
347 2233 463 2330 prima
479 2232 610 2307 vellem
628 2259 795 2307 revocare
814 2232 857 2306 ab
877 2232 1014 2330 origine
1030 2232 1153 2326 vitam,

375 2347 426 2426 Et
442 2348 539 2423 vitae
555 2374 727 2423 renovare
744 2347 899 2422 labores!

279 2465 363 2541 Non
380 2464 543 2539 fervebat
561 2491 659 2563 opus²
680 2491 751 2538 non
768 2465 844 2539 ibat
862 2464 970 2539 sudor
986 2465 1023 2538 in
1041 2475 1150 2562 artus,

377 2581 496 2655 Parva
513 2607 637 2677 penus,
657 2591 942 2678 nocumentaque
961 2580 1091 2654 multa!

278 2695 415 2771 Verum
432 2721 504 2770 11011
520 2707 688 2795 repetunt
706 2695 880 2771 undantia
896 2695 1043 2770 flumina
1060 2707 1210 2795 montes,

376 2813 460 2888 Non
477 2812 571 2888 redit
587 2810 821 2888 irrevocabile
838 2815 998 2910 tempus!

279 2927 393 3004 Parce
412 2927 521 3004 Pater
537 2928 678 3026 misero,
697 2928 860 3027 placatus
878 2927 1029 3002 fulmina
1045 2956 1138 3028 pone
1151 2973 1200 2985 -

375 3044 494 3120 Tarda
510 3045 643 3143 pedum
661 3045 816 3141 vestigia
832 3044 971 3138 damna,

221 3255 224 3262 Ι
276 3157 493 3237 Praecitabo
509 3187 637 3255 moras,
658 3158 758 3237 labor
776 3161 959 3260 improbus
977 3163 1096 3238 omnia
1113 3162 1240 3259 vincit,

376 3277 477 3353 Meta
494 3289 612 3371 vocat,
632 3278 803 3376 praeiere,
822 3279 1028 3375 sequamur!
