2972 4738
597 178 812 235 CARMINUM

282 365 417 442 Omnes
434 376 561 440 euntes
578 365 615 438 in
632 365 729 440 bivio
747 393 881 461 snmus,

226 515 233 530 ·
282 481 483 556 Tentamen
500 492 614 577 urget,
634 507 700 556 nos
718 509 816 556 amor
834 483 904 558 huc
923 482 1044 576 trahit,

378 596 469 672 Illuc
486 595 669 694 voluptas3
689 623 759 694 quo
776 625 971 691 movemur,

427 711 524 786 Dum
541 711 713 786 morimur
732 710 903 808 (referens
921 713 1111 811 tremisco),

282 940 373 1017 Illuc
393 942 430 1016 in
448 969 577 1018 aevum
594 943 791 1040 tendimus3
811 971 831 1018 o
849 943 959 1038 Deus,

281 1057 347 1151 Da,
368 1057 414 1131 da
430 1057 574 1133 beatam
592 1085 737 1154 carpere
754 1085 820 1134 nos
838 1059 945 1152 viam,

379 1173 480 1264 Quae
498 1173 596 1248 ducit
614 1174 659 1248 ad
677 1186 723 1267 te,
744 1175 815 1249 sint
832 1175 1003 1269 salebrae,

427 1286 585 1363 Delicias
602 1288 671 1362 iter
689 1288 757 1365 hoc
777 1289 930 1386 parabit.

282 1514 381 1588 Mors
399 1541 483 1591 ecce
500 1514 633 1590 multos
651 1515 824 1612 surripuit
841 1516 938 1592 viam

283 1629 385 1706 Oceli
401 1631 604 1728 probantes,
625 1659 646 1706 a
663 1631 907 1728 penetralibus

379 1749 562 1823 Arcentur
578 1748 763 1840 immundi,
782 1748 927 1846 tuisque

427 1863 637 1957 Liminibus,
657 1864 775 1956 Pater,
795 1865 1043 1941 immorantur:

281 2097 439 2193 Deterge
457 2096 590 2190 sordes,
610 2106 741 2171 excute
758 2096 956 2194 pulverem,

281 2211 387 2286 Votis
405 2211 538 2304 adesto,
553 2212 631 2308 jam
650 2211 763 2309 digito
781 2211 875 2287 fores

378 2326 531 2402 Pulsant
548 2326 738 2425 frequenti,
756 2355 840 2402 mox
858 2340 1007 2404 ovantes

425 2441 595 2540 Excipiat
612 2442 739 2518 domus
757 2470 829 2520 una
847 2447 1015 2520 cunctos!

421 2771 423 2779 s
479 2859 481 2866 y
556 2753 659 2830 ona
690 2753 851 2830 xxvn.

555 2933 858 3010 unonrsmn.

364 3109 405 3164 [a
422 3119 446 3163 et
463 3128 509 3164 uos
527 3112 556 3164 iu
575 3113 679 3164 niueam
696 3127 788 3164 meula.
811 3112 921 3182 (Matth.
941 3113 987 3180 20,
1008 3111 1044 3184 7).

283 3260 312 3357 I,
331 3289 414 3338 care
431 3262 552 3356 frater,
571 3262 677 3338 vinea
694 3274 740 3371 te¹
748 3275 870 3340 manet

282 3374 411 3452 Electa
431 3379 548 3453 sancti
565 3378 733 3472 numinis,
754 3379 908 3478 impiger

379 3492 469 3582 Esto
487 3493 642 3586 colonus,
663 3505 748 3570 sunt
765 3495 878 3570 labori

427 3607 601 3703 Deliciae,
622 3608 735 3685 decus
752 3620 861 3708 atque
879 3611 990 3686 lucra.

282 3836 444 3912 Auctore
463 3836 610 3914 Christo
628 3839 795 3936 vivimus,
815 3840 851 3914 in
868 3867 972 3916 cruce

284 3949 368 4026 Una
387 3952 540 4028 salutem
558 3955 774 4052 quaerimus,
796 3956 888 4032 hanc
902 3956 1046 4032 trabem

382 4065 453 4156 Qui
471 4069 616 4163 spernit,
636 4070 849 4146 absorbetur
866 4072 982 4168 undis,

430 4179 532 4255 Haec
550 4183 683 4280 populo
702 4185 906 4260 veneranda
923 4186 1035 4284 prode
1090 4171 1092 4178 ,
