2930 4734
203 209 257 264 376
679 214 892 270 CARMINUM

199 409 284 485 Vox
301 403 462 481 Domini:
481 401 575 500 quod
592 401 678 478 lecit
695 402 802 498 opus!
822 401 984 477 mirabile
1003 402 1118 478 dictu:

201 525 353 619 Semper
370 544 460 616 opus
477 517 643 616 loquitur,
665 542 876 615 semperque
895 516 1062 614 loquetur
1078 518 1116 590 in
1135 522 1282 595 aevum!

202 640 310 734 Saxa,
328 635 440 727 lacus,
460 632 586 726 1011100,
605 643 793 723 torrentes,
812 631 969 725 flumina,
990 644 1133 731 pontus,

202 753 373 843 Gramen,
392 748 513 846 arista,
532 775 668 840 nemus,
687 747 792 822 fiores
811 757 847 821 et
864 774 981 844 poma,
1001 750 1146 842 racemi,

201 867 316 965 Alpes
333 875 370 940 et
386 862 505 957 colles,
525 862 672 959 grande,
692 863 766 958 nir,
786 871 917 938 ventus
935 873 972 936 et
989 863 1112 959 imber,

201 985 293 1076 Lurr,
311 981 490 1073 tenebrae,
509 978 673 1075 nebulae,
691 979 915 1077 nimbusque,
935 980 1105 1073 tonitrua,
1126 981 1257 1080 fulgur,

202 1099 321 1191 Porta,
342 1097 477 1187 domus,
498 1095 692 1194 speculum,
713 1094 911 1192 lectusque,
933 1096 1068 1189 sedilia,
1089 1123 1243 1191 mensae,

202 1214 263 1308 Oe,
284 1210 390 1304 oculi,
410 1211 546 1306 dentes,
566 1236 679 1302 aures,
699 1220 817 1306 caput,
838 1236 928 1303 esca,
948 1237 1166 1309 merumque,

203 1329 283 1421 Pes,
303 1327 419 1424 digiti,
437 1324 656 1417 stomachus,
677 1324 801 1417 morbi,
821 1325 1006 1417 medicina,
1028 1353 1215 1425 soporque,

200 1444 422 1519 Immensum
441 1441 607 1539 spatium,
627 1467 846 1537 numeroque
864 1433 1025 1516 carentia
1040 1441 1115 1516 late

201 1559 328 1636 Sidera
345 1584 470 1655 sparsa
487 1555 570 1653 polo
586 1598 636 1609 —
652 1555 760 1630 rebus
778 1582 849 1629 vox
867 1556 1031 1630 omnibus
1050 1557 1138 1632 una!

298 1675 352 1748 At
368 1671 466 1747 surdi
484 1671 679 1745 Dominum
696 1682 881 1768 nequeunt
898 1671 1021 1746 audire
1039 1671 1238 1765 docentem,

201 1789 252 1864 Et
268 1788 358 1862 muti
376 1798 559 1884 nequeunt
577 1784 681 1859 labiis
701 1785 881 1860 effundere
900 1813 1022 1883 voces3

203 1903 293 1979 Pars
310 1902 495 1977 hominum
513 1902 628 1998 major
646 1901 751 1978 simul
771 1928 855 1975 aure
874 1901 1013 1976 laborat
1031 1913 1067 1977 et
1086 1929 1156 1977 010.

199 2037 203 2048 “
301 2017 374 2114 (F.)
392 2015 665 2090 Annumerabar
683 2043 751 2113 ego
768 2027 824 2092 tot
841 2016 1141 2093 decumbentibus
1159 2019 1288 2117 aegris,

203 2134 274 2208 Hic
290 2132 418 2207 modus
436 2131 559 2206 orandi
577 2131 666 2205 mihi
684 2132 730 2206 sit
749 2132 965 2224 carissimus,
985 2134 1062 2231 ipse

202 2248 401 2324 Commoda
417 2247 532 2321 multa
549 2257 654 2344 parat
670 2289 719 2300 -
737 2247 866 2342 facilis,
884 2248 1003 2322 brevis
1022 2261 1131 2348 atque
1149 2250 1282 2325 suavis.

301 2361 375 2460 (G.)
395 2363 451 2435 Tu
469 2389 544 2437 rem
561 2362 682 2459 tangis
701 2390 766 2437 acu
783 2406 832 2417 -—
849 2363 889 2437 fit
908 2364 1059 2456 coelum,
1080 2375 1176 2439 terra

1161 2481 1362 2557 theatrum!
1438 2521 1439 2524 ¹

201 2593 357 2670 Lumina
373 2604 497 2668 nostra
514 2592 648 2686 vident,
671 2621 761 2691 quae
781 2606 864 2668 sunt
882 2595 1133 2692 pulcherrima,
1155 2586 1265 2671 verba

200 2709 399 2806 Excipiunt
417 2734 528 2800 aures,
550 2735 641 2805 quae
661 2720 744 2783 sunt
761 2705 981 2803 dulcissima,
1003 2737 1145 2810 semper

201 2825 340 2899 Noctes
357 2834 467 2921 atque
485 2823 562 2898 dies
580 2851 622 2898 ao
642 2824 725 2898 anni
743 2836 906 2922 tempore
923 2838 1000 2901 toto

202 2941 348 3014 Haecce
365 2938 510 3014 theatra
528 2949 663 3036 patent,
683 2950 720 3014 et
736 2967 842 3014 nemo
861 2952 1005 3016 arcetur
1023 2941 1068 3016 ab
1086 2941 1166 3036 illis,
1232 3011 1234 3016 ,

201 3055 239 3128 N
241 3081 286 3128 on
305 3079 394 3152 opus
413 3068 468 3128 est
484 3054 650 3147 nummis,
671 3055 853 3130 accedunt
871 3057 1027 3132 Croesus
1045 3068 1082 3132 et
1100 3056 1188 3150 Irus,

200 3170 316 3267 Virgo
335 3195 439 3244 sacra
455 3169 544 3264 Dec,
564 3180 738 3263 matrona,
760 3170 893 3268 puella,
914 3173 1092 3247 sacerdos.

297 3284 397 3359 Ecce
415 3285 543 3359 breves
561 3283 754 3384 facilesque
773 3313 907 3384 preces,
929 3299 1012 3363 sunt
1031 3315 1117 3362 0010
1135 3288 1247 3364 labori

201 3400 287 3476 Otia
306 3398 470 3492 sollicite,
492 3411 575 3474 sunt
592 3410 696 3496 grata
714 3401 840 3476 sedilia
858 3401 970 3476 lassis.

202 3516 332 3589 Nonne
350 3542 467 3590 moras
484 3515 607 3608 nectit,
629 3516 743 3590 vitreo
762 3516 846 3591 dum
865 3517 965 3593 fonte
984 3519 1100 3592 viator

200 3631 278 3704 Aut
296 3642 484 3728 spumante
501 3658 599 3705 mero
616 3632 807 3706 candentia
824 3645 973 3729 guttura
991 3635 1151 3710 mulcet?

201 3747 253 3820 At
271 3745 421 3820 redeunt
439 3747 541 3838 vires,
561 3756 732 3820 montana
750 3749 941 3834 cacumina
959 3749 1117 3824 scandit!

204 3859 244 3936 Si
260 3859 409 3935 nimium
427 3861 554 3954 tendis,
575 3873 747 3937 curvatus
764 3864 943 3960 rumpitur
962 3891 1075 3959 arcus,

202 3973 312 4050 Alma
329 3975 430 4073 quies
446 4003 518 4051 non
535 3973 659 4051 turbat
677 4003 775 4075 opus,
797 3978 860 4053 sed
877 3979 976 4054 nulla
993 3981 1162 4056 retardat.

298 4091 405 4166 Multi
424 4118 532 4189 saepe
549 4118 698 4188 precum
716 4105 899 4191 nequeunt
916 4095 1084 4169 evolvere
1103 4097 1227 4171 libros:

204 4206 297 4283 Sunt
315 4206 430 4283 oculis
448 4207 558 4304 capti,
578 4207 818 4305 languescunt
835 4210 971 4285 lumina
987 4211 1120 4304 morb0,
