2930 4734
551 191 670 248 arana
702 159 893 248 sarrruus

138 377 322 456 Ridebunt
339 379 504 479 primum,
524 364 740 454 mordebunt
757 377 850 456 forte
868 378 1052 471 latentem,

139 494 227 572 Mox
244 495 361 572 laetae
378 495 528 571 comites
545 506 779 593 praeeuntem
798 495 889 570 forte
907 506 1112 594 sequentur.

238 609 316 706 (G.)
335 609 367 686 Ο
386 611 525 687 utinam
544 637 647 696 sacro
664 610 765 686 Deus
784 610 952 708 Optimus
969 611 1052 708 igne
1070 607 1211 707 puellas

131 725 274 802 ¹Omnes
292 725 506 802 inflammetl
525 726 665 802 coelum
683 732 888 824 terramque
905 726 1109 802 moverent!
1190 749 1194 756 ·

138 841 294 941 Templa
310 841 378 916 viri
396 842 549 939 fugiunt,
569 851 714 940 raperet
730 841 825 916 bona
842 838 918 916 filia
935 851 1084 940 patrem

138 955 317 1056 Exemplo
334 958 494 1034 traheret
509 958 588 1057 conj
594 985 642 1033 ux
656 984 834 1060 generosa
850 957 1018 1032 maritum

138 1073 260 1172 Atque
277 1099 376 1150 soror
393 1074 553 1149 fratrem.

235 1187 306 1287 (F.)
324 1188 397 1265 Sed
414 1189 592 1283 novimus,
612 1215 690 1264 esse
708 1187 857 1287 puellas,

137 1301 239 1396 Quae
257 1329 375 1380 sacras
395 1303 502 1380 aedes
519 1304 700 1399 adamant,
719 1304 848 1380 altaria
865 1315 1051 1403 quaerunt,

135 1419 274 1518 Gulpas
291 1446 402 1518 saepe
422 1420 554 1514 lavant,
575 1431 770 1495 vescuntur
787 1420 956 1496 carnibus
974 1419 1082 1518 Agni‚

136 1535 302 1612 Oderunt
318 1535 506 1630 thalamos,
526 1535 793 1612 aurosolantur
810 1562 952 1634 egenos,

134 1652 170 1725 A
190 1649 329 1727 choreis
347 1652 488 1746 absunt,
508 1650 620 1726 flavos
638 1675 763 1726 ornare
781 1650 933 1749 capillos

135 1765 286 1842 Nolunt.

234 1881 309 1979 (G.)
329 1884 382 1957 At
400 1884 502 1958 vanis
519 1882 673 1980 implent
691 1882 914 1958 sermonibus
933 1908 1048 1980 aures,

133 1999 192 2072 Ac
211 1996 372 2073 tumidae
390 1997 507 2073 laudis
525 2024 637 2074 coeco
648 1998 836 2095 jactantur
853 2025 983 2091 amore,

134 2111 221 2186 Heu
240 2138 376 2187 naevos
394 2124 530 2211 augent
547 2113 742 2206 hominum,
762 2111 951 2186 mendacia
969 2125 1154 2210 spargunt,

133 2225 385 2321 Dissimulant,
407 2228 587 2322 simulant,
607 2228 722 2302 fessos
738 2237 859 2302 aetate
877 2239 1044 2325 parentes

132 2343 220 2420 Non
237 2345 526 2442 magnifaciunt,
546 2345 575 2418 si
593 2343 684 2419 forte
702 2344 888 2441 redarguis
906 2343 995 2437 illas,

130 2451 254 2538 Saeva
270 2459 342 2535 bile
360 2448 516 2535 tument.¹

233 2575 304 2674 (F.)
324 2576 499 2651 Homines
518 2587 636 2652 sunt...
655 2575 777 2651 nullus
794 2575 831 2649 in
848 2575 933 2650 orbe

131 2692 281 2792 Integer
299 2703 354 2768 est
371 2691 517 2788 culpae!

233 2807 312 2904 (G.)
330 2808 413 2881 Non
431 2806 655 2884 delectantur
673 2834 803 2900 amore,

130 2925 295 3002 Delicias
314 2923 461 3021 pietatis
479 2935 597 3017 avent,
617 2923 682 2998 has
700 2923 785 2998 tolle
802 2966 851 2976 -
868 2923 1052 2998 recedunt.

131 3039 203 3116 Est
222 3053 409 3117 certamen
427 3067 541 3115 amor:
561 3041 689 3116 nolunt
706 3040 924 3115 contendere
942 3065 1080 3137 campo,

132 3157 287 3232 Eminus
305 3156 418 3232 hostis
436 3157 569 3231 adhuc:
589 3156 707 3230 subito
726 3156 813 3230 dant
830 3159 933 3251 terga
950 3180 1015 3250 per
1032 3179 1147 3250 agros,

132 3271 254 3348 Verus
272 3301 371 3348 amor
389 3282 563 3370 pugnat...
583 3283 774 3348 censentur
791 3271 948 3369 pondere
966 3270 1086 3366 terga!

234 3388 303 3486 (F.)
323 3389 402 3482 Dic,
423 3389 483 3464 ubi
502 3389 549 3462 sit
566 3388 669 3462 miles
687 3414 829 3485 semper
847 3385 1046 3460 certamine
1065 3385 1221 3461 victor...

131 3504 274 3580 Heroes
292 3505 380 3579 rari!

229 3619 306 3710 (G.)
325 3619 527 3696 Oenseutur
545 3619 702 3717 pondere
720 3618 839 3714 terga!

129 3735 182 3811 Et
201 3736 305 3811 factis
324 3747 494 3811 censetur
512 3735 626 3810 amor!

230 3851 303 3943 (F.)
323 3850 396 3925 Sed
412 3851 532 3925 nullus
550 3851 587 3923 in
605 3851 689 3924 orbe

130 3965 279 4063 Integer
297 3978 352 4041 est
370 3965 516 4063 culpae!

229 4082 307 4171 (G.)
326 4082 531 4156 Permultae
549 4108 656 4178 saepe
675 4080 815 4155 dolores

127 4193 328 4295 'Virgineae
347 4197 475 4271 Matris
494 4196 662 4293 lacrymis
680 4195 900 4272 meditantur
918 4196 1065 4294 obortis,

1102 4347 1211 4410 25,
