2962 4742
575 253 710 310 amna
736 249 914 320 omarus
972 209 994 246 ‘⁵

580 1195 922 1298 EPISTOLA.

698 1498 804 1514 WVWN

212 1835 362 1931 Versus,
382 1860 507 1933 rumpe
524 1859 652 1928 moras,
673 1846 823 1934 penetra
840 1834 901 1933 pia
917 1844 1021 1933 septa
1039 1832 1160 1928 Pisini,

312 1950 561 2049 Hermagorae
578 1949 650 2025 nari
668 1949 793 2025 limina
810 1975 944 2048 quaere
961 1949 1067 2046 senis,

213 2066 353 2145 Oscula
369 2066 417 2142 da
433 2065 537 2160 vesti,
557 2091 650 2164 quae
666 2065 760 2140 texit
777 2066 939 2164 corporis
957 2076 1056 2141 artus

310 2183 444 2259 Lustra
461 2182 593 2275 decem,
613 2182 719 2278 vesti,
738 2207 831 2280 quae
850 2181 1056 2256 veneranda
1071 2179 1175 2256 nitet.

212 2297 371 2397 Hispida
386 2340 436 2354 -
453 2297 516 2373 sed
534 2295 654 2372 lanam
672 2296 783 2395 Tyrio
799 2294 856 2371 bis
873 2295 1009 2371 murice
1026 2295 1181 2372 tinctam

307 2413 446 2507 Anteit,
466 2423 522 2488 est
539 2411 655 2511 pretio
673 2411 796 2488 lueida
812 2437 957 2509 gemma
974 2410 1100 2487 minor.

210 2528 410 2606 Fortunate
429 2553 540 2604 senex
557 2527 756 2603 Francisco
772 2538 856 2602 nate
875 2538 1034 2626 parente,

309 2643 378 2719 Oui
395 2643 481 2719 tulit
497 2643 695 2719 immensus
712 2667 863 2719 munera
879 2653 984 2718 tanta
1001 2642 1119 2718 Deus!

165 2815 168 2826 .
214 2754 324 2832 Salve
341 2758 434 2833 festa
451 2759 538 2854 dies,
558 2760 672 2834 nubes
689 2758 817 2857 procul
834 2758 884 2834 ite
902 2769 1088 2855 vagantes,

313 2872 510 2949 Caeruleus
527 2874 647 2949 nitido.
659 2874 847 2972 splendeat
864 2874 949 2971 igne
967 2872 1082 2970 polus,

210 2985 262 3062 Et
278 2985 421 3084 fugiant
438 2988 544 3064 vetiti
561 2987 707 3063 turbare
725 2987 869 3062 silent'ra
886 2986 995 3079 venti,

308 3102 387 3178 Nec
407 3101 499 3178 ferat
515 3101 656 3199 alpinas
675 3129 803 3200 aspera
819 3102 948 3177 bruma
964 3100 1084 3176 nives!

212 3215 322 3293 Salve
340 3217 434 3293 festa
451 3217 536 3310 dies,
556 3217 742 3298 sociantur
758 3217 892 3315 gaudia
909 3217 1071 3310 fratrum,

308 3333 386 3409 Nos
405 3359 555 3432 quoque,
576 3358 666 3408 eane
684 3359 804 3427 senar,
826 3332 998 3408 adsumus
1015 3359 1103 3408 ecce
1119 3331 1197 3406 tibi.

209 3447 294 3523 Non
312 3449 485 3548 opulenta
502 3448 623 3524 ferunt
639 3459 785 3525 nostrae
803 3448 870 3524 tibi
888 3474 1038 3523 munera
1055 3447 1215 3539 dextrae,

309 3563 383 3640 Sed
400 3564 589 3663 depromta
606 3564 735 3640 damus
752 3575 901 3662 pectore
919 3574 1006 3639 vota
1023 3563 1095 3661 pio,

208 3677 417 3754 Dividimur
435 3680 568 3778 spatio:
587 3691 624 3756 te
641 3680 802 3756 eontinet
819 3679 962 3755 Histria
978 3678 1096 3772 tellus,

307 3793 387 3870 Nos
406 3796 531 3871 urbem
550 3795 713 3891 colimus,
732 3821 840 3894 quam
858 3795 954 3892 rigat
971 3794 1068 3869 unda
1084 3792 1207 3868 maris.

209 3907 340 3986 Nescit
357 3935 457 3985 arnor
474 3910 573 4005 fines,
594 3910 746 3987 libratur
763 3921 936 4008 praepete
953 3911 1082 4010 penna,

306 4023 514 4101 Dissociata
530 4025 620 4102 loeis
638 4026 780 4102 foedere
797 4025 913 4101 nectit
930 4050 1053 4118 ovans,

208 4139 310 4216 Ecce
329 4140 536 4217 sacerdotes
553 4141 655 4218 festis
674 4167 865 4239 operamur
881 4140 919 4214 in
937 4140 1018 4234 aris,

204 4305 207 4314 ·
307 4257 358 4334 Et
375 4257 484 4334 celeri
501 4257 597 4355 fugit
613 4256 710 4333 laeta
721 4257 877 4354 juventa
893 4256 1001 4354 pede:

1135 4407 1172 4463 29
