3040 4732
668 285 892 354 prxumum.

385 474 537 551 Olaous
554 472 662 549 felix!
683 471 816 548 Veneti
834 472 931 547 beati
943 444 955 546 l

383 590 470 665 Flos
487 588 546 666 hic
565 591 602 664 in
619 588 751 664 vestris
769 587 930 692 ¹adolevit
948 587 1075 683 hortis3

384 706 464 799 Qun
480 706 574 783 nitet
590 705 706 780 forma
718 705 825 782 rosel
845 730 916 802 quo
935 703 1037 778 suavi

799 809 801 820 ¹
821 819 979 918 Fragral
996 818 1120 895 odore!

382 1053 528 1129 Brixiae
545 1053 643 1129 cives
660 1055 808 1156 tenuere
827 1077 970 1148 semper

382 1169 576 1266 Hospitem
594 1195 725 1258 earam,
745 1167 873 1242 melior
890 1165 1020 1265 puellis

384 1284 553 1360 Plurimis
571 1284 663 1358 vixit
680 1283 838 1382 pretiosa
856 1271 1002 1358 Christo

398 1406 400 1412 ’
822 1399 964 1497 Sponsa
979 1397 1120 1473 marito.

382 1635 501 1710 Ooeca
519 1633 679 1708 divinum
698 1621 806 1730 petiit'
823 1631 1038 1728 sepulerum,

382 1748 541 1848 (Quanta
558 1747 613 1824 vis
632 1748 720 1823 sacri
739 1747 807 1821 fuit
824 1746 914 1822 haec
934 1746 1065 1821 amoris
1078 1745 1101 1843 l)

380 1866 430 1941 Et
448 1865 565 1942 erucis
579 1864 718 1961 lignum
735 1862 910 1952 meditata
928 1861 1030 1958 virgo

764 2017 769 2028 ·
820 1977 942 2053 Flevit
960 1976 1113 2052 abunde.

380 2211 543 2312 Dispulit
559 2221 698 2287 noctem
715 2209 887 2309 patientis
905 2221 1021 2316 utram

311 2371 313 2377 ι
380 2329 546 2406 Christus
563 2327 601 2401 in
619 2325 738 2419 Orela,
759 2325 974 2422 ueniamque
992 2349 1130 2421 poenae

362 2446 500 2536 ,Nacta
517 2443 672 2543 pastoris
690 2442 821 2517 meruit
838 2440 995 2539 supremi

818 2556 1121 2654 Tangerelimen.

378 2790 514 2868 Ursule
525 2790 649 2889 junxit
667 2789 756 2865 duee
775 2799 811 2864 et
830 2788 1009 2864 advocate

377 2907 571 3004 Virginem
589 2916 743 2999 coetum,
764 2905 859 2980 bona
875 2904 970 2980 rexit
988 2930 1119 3002 agmen

377 3024 496 3098 Mater
514 3033 717 3120 augustum,
737 3020 822 3096 tulit
839 3045 911 3095 una
928 3019 1052 3094 multis

816 3137 934 3211 Lucra
953 3135 1091 3212 salutis.

376 3370 486 3445 Fovit
503 3380 678 3468 aegrotas,
698 3369 894 3467 inopesque
906 3367 1015 3465 juvit,

289 3555 291 3560 ,
376 3484 503 3561 Mulsit
522 3485 681 3579 afflictas,
702 3483 825 3560 docuit
843 3483 1018 3582 puellas...

376 3601 479 3692 Quae
496 3601 587 3678 Fide
604 3611 752 3695 mentes,
772 3600 893 3698 rapuit
910 3599 1084 3697 magistra

818 3714 938 3790 Corda
955 3714 1085 3791 calore.

376 3948 480 4024 Haec
499 3948 536 4022 in
555 3959 709 4047 angusto
730 3947 837 4023 latuit
856 3946 982 4023 cubili:

377 4063 484 4158 Sella,
504 4091 600 4159 crux,
622 4075 815 4142 stramen...
833 4063 902 4139 fuit
920 4063 1011 4139 haee
1031 4060 1210 4160 supellex!

375 4180 494 4274 Quam
513 4181 634 4258 brevis
653 4206 808 4275 somnus,
828 4179 1011 4257 modicum
1030 4178 1193 4272 salinum,

813 4296 933 4395 Asper
951 4294 1126 4371 amictusl
