2962 4742
117 205 171 262 448
595 213 810 272 CARMINUM

167 401 323 478 Pectora
339 400 591 499 transadigam
608 400 770 498 plumbo,
786 402 983 477 metuenda
1001 401 1139 478 securis

269 517 454 616 Sanguine
473 527 692 616 conspergat
708 515 813 612 colla,
833 528 985 615 ruatque
1005 528 1185 616 caput-
1288 501 1291 512 ¹

168 634 296 709 Ardua
311 660 377 709 nos
394 643 532 708 terrent
549 631 763 709 certamina:
782 633 903 708 tradet
919 632 1028 708 eundi

270 748 503 847 Supplicibus
520 749 625 842 vires,
646 749 707 847 qui
720 749 828 848 jubet
845 749 898 824 ire
916 747 1034 823 Deusl

172 865 398 942 Occubuisse
415 865 512 940 uiros
529 864 707 940 immensa
724 865 873 940 Lutetia
889 864 1000 940 fortes

270 979 359 1074 scit,
380 978 481 1056 velut
498 979 593 1077 ignis
611 980 704 1055 edax
721 981 842 1055 omnia
859 980 976 1056 vincit
991 979 1128 1055 amorii

170 1096 270 1172 Orux
287 1094 424 1172 dilecta
440 1107 558 1188 vocat,
578 1121 666 1171 crux
683 1097 796 1172 nostri
814 1108 913 1171 meta
930 1095 1075 1193 laboris,

266 1209 455 1288 Vilesoant
471 1211 570 1286 vitae
588 1210 682 1286 dona
698 1211 838 1287 caduca
854 1211 987 1307 brevis,

174 1327 329 1402 Munera
346 1352 570 1425 quaeramur,
590 1353 682 1424 quae
701 1337 786 1402 sunt
801 1352 972 1401 mansura
988 1353 1054 1424 per
1072 1352 1216 1420 aevum,

267 1441 402 1518 Nullus
419 1442 480 1517 ubi
496 1442 622 1516 turbat
640 1442 763 1517 saucia
781 1442 891 1534 corda
907 1441 1017 1536 dolor,

170 1556 296 1634 Dulcis
314 1556 374 1632 ubi
394 1555 534 1632 soboles
552 1583 636 1632 caro
655 1557 792 1632 sociata
809 1557 952 1655 parenti

267 1673 434 1749 Concinit
451 1683 638 1749 aeternum
655 1700 753 1766 voco¹
763 1674 871 1749 beata
887 1674 1019 1750 melos!

170 1789 293 1866 Aurae
311 1788 393 1864 vela
410 1788 580 1864 vocantll
601 1787 738 1890 Obristi
757 1789 960 1864 venerande
978 1789 1160 1865 sacerdos!

268 1903 372 1980 Haec
388 1903 481 1979 Tibi¹
492 1903 630 1980 sincero
648 1914 793 2002 pectore
809 1915 897 1980 vota
914 1904 1053 1982 damus.

171 2019 208 2094 N
210 2045 250 2095 os
268 2045 391 2094 omnes
408 2018 526 2113 hodie,
548 2019 634 2094 dum
652 2046 754 2094 sacra
771 2047 902 2096 caesus
919 2020 956 2094 in
974 2047 1037 2096 ara

269 2133 450 2210 Occubuit
468 2134 636 2211 Christus
653 2135 806 2211 victima
822 2163 905 2212 cara
923 2136 1013 2230 Dec,

173 2249 210 2324 N
212 2275 252 2325 os
270 2275 393 2325 omnes
409 2248 516 2324 hodie
533 2248 772 2326 clamavimus
790 2277 865 2326 ore:
885 2250 1070 2328 Memento

271 2363 452 2440 Praesulis
471 2364 626 2462 augusti,
646 2365 707 2463 qui
725 2365 792 2441 tibi
810 2366 924 2442 servit
940 2393 1077 2461 amans,

178 2477 312 2574 Redde,
332 2481 443 2573 Deus,
462 2492 584 2556 nostro
602 2479 808 2579 largissima
825 2481 919 2557 dona
937 2483 1089 2580 parenti,

241 2695 244 2700 Ι
274 2596 344 2687 Qui
361 2595 488 2671 tribuit
504 2596 599 2672 natis
615 2623 768 2672 munera
784 2597 886 2695 larga
904 2599 989 2692 suis,

173 2711 224 2787 Et
241 2712 366 2787 veniat
381 2711 540 2810 pretiosa
556 2723 620 2788 tuo
638 2712 817 2811 sapientia
834 2701 944 2808 coel0,

273 2827 354 2919 Qua
370 2828 485 2904 fretus
503 2855 676 2926 magnum
693 2838 816 2927 pastor
835 2828 930 2905 ovile
948 2842 1067 2928 regat3

177 2939 292 3018 Dives
310 2969 419 3042 opum
436 2943 594 3038 tandem,
615 2970 725 3042 quum
744 2971 886 3020 summa
903 2947 1093 3022 vocaverit
1110 2946 1208 3042 hora,

271 3060 452 3135 Aeternae
470 3059 609 3157 patriae
627 3059 746 3139 nobile
763 3070 894 3158 carpat
909 3061 994 3138 iterl
