2962 4742
188 218 242 273 436
398 250 400 254 .
665 223 877 280 onRMINUM

153 388 157 400 .
192 413 337 504 Quanta
352 410 453 487 Deus
469 410 562 503 fecit,
583 422 754 486 concreto
771 411 903 508 frigore
919 421 1052 509 torpes

289 531 367 618 (A.)
384 527 445 602 Me
462 525 536 600 ludi
552 528 699 602 tenuere
716 526 787 621 diu,
806 512 960 602 docuere
978 527 1151 624 magistri,

192 645 335 736 Quanta
351 643 451 719 cruci
467 644 592 735 virtus,
612 643 675 717 sed
693 643 816 716 crebro
834 641 986 739 frigidus
1004 670 1063 717 ore

123 775 125 788 ⁴
187 760 323 834 Exibat
339 785 491 832 sermo...
512 759 574 855 qul
588 757 742 831 fiammis
759 757 870 832 corda
887 757 1098 833 calescant?

190 876 299 974 Ignes
316 875 382 950 ede
398 873 507 971 priua,
528 873 557 947 si
575 872 630 946 vis
647 872 848 949 accendere
865 872 975 969 ligna.

283 989 444 1064 Plurima
459 1015 553 1062 nunc
566 988 721 1084 juvenes
738 985 891 1079 discunt,
912 1013 949 1060 se
966 987 1106 1062 discere
1122 988 1250 1063 nolunt
1266 1032 1316 1044 -

187 1107 409 1204 Linguarum'
425 1103 579 1178 lustrant
597 1101 805 1200 penetralia,
824 1103 997 1199 temporis
1016 1103 1089 1178 acti

185 1222 356 1315 Annales,
374 1223 501 1297 fluvios
519 1234 555 1297 et
571 1231 720 1316 montes,
742 1223 884 1321 oppida,
903 1249 1028 1320 regna3
1160 1309 1164 1314 .

187 1339 408 1414 Describunt
426 1339 578 1436 plantae,
598 1339 805 1432 animantia,
826 1350 957 1440 cuncta
974 1337 1132 1430 metalla,

186 1455 349 1528 Naturae
366 1454 497 1530 vires...
517 1465 711 1551 oneratque
730 1455 882 1528 scientia
899 1465 1051 1550 mentes,

189 1569 318 1645 Obruit
333 1569 493 1645 infelix...
513 1569 583 1644 heu
601 1569 748 1644 tandem
768 1569 879 1644 stulta
895 1570 1035 1644 recedit

189 1685 289 1761 Gens
304 1686 432 1783 ignara
449 1685 527 1779 Dei,
549 1713 655 1782 quern
673 1713 745 1760 non
764 1685 944 1784 quaesivit
961 1685 997 1758 in
1015 1685 1121 1761 Orbe.

282 1802 356 1896 (Β.)
377 1801 629 1876 Fundamenta
646 1801 754 1894 locat,
775 1801 933 1899 quivult
954 1801 1121 1875 attollere
1141 1826 1271 1893 murco,

187 1916 334 1993 Semina
350 1917 462 1992 tradis
481 1916 599 2011 humo,
621 1917 650 1991 si
669 1917 723 1992 vis
742 1917 934 2015 decerpere
952 1916 1086 2014 fruges,

184 2033 309 2108 Ardua
323 2020 423 2109 bella
441 2047 582 2132 gerunt,
604 2046 688 2108 sunt
706 2035 824 2110 danda
842 2033 1085 2132 phalangibus
1104 2061 1218 2110 arma:

184 2147 299 2222 Nobis
316 2160 414 2224 meta
431 2150 541 2243 Deus,
561 2149 685 2226 famuli
706 2149 840 2224 servire
852 2149 1039 2248 jubemur!

280 2264 422 2339 Debilis
439 2266 554 2340 omnis
572 2264 689 2358 homo,
710 2266 824 2340 virtus
842 2264 909 2340 hoc
927 2291 1042 2362 nosse,
1061 2276 1248 2362 potentem

183 2380 485 2478 Praesentemque
503 2381 622 2456 Deum
641 2387 781 2479 semper
799 2380 986 2455 videamus
1004 2380 1145 2478 ubique,

181 2495 309 2570 Altera
324 2496 438 2592 flagra
454 2523 591 2590 manus,
612 2496 744 2570 virides
760 2506 861 2571 tenet
880 2497 992 2572 altera
1009 2496 1160 2594 palmas,

278 2610 359 2706 (A.)
378 2610 495 2686 Dulce
508 2611 638 2708 jugum
656 2611 813 2703 Domini,
833 2623 936 2710 pater
954 2623 1018 2705 est,
1039 2623 1142 2708 pater
1161 2613 1320 2710 optimus

1269 2727 1344 2824 ille,

178 2842 222 2916 In
239 2869 343 2918 cruce
361 2854 466 2940 parta
483 2842 587 2935 salus,
605 2842 689 2917 fidei
706 2842 770 2918 dat
786 2842 905 2917 nobile
922 2870 1052 2918 munus

184 2960 307 3055 Atque
326 2959 438 3057 spei...
458 2985 588 3033 munus
607 2986 747 3056 quoque
765 2959 988 3034 consociabit
1006 2959 1146 3034 amoris.

179 3073 249 3148 Est
270 3073 359 3149 haec
377 3075 454 3148 vita
471 3075 601 3169 brevis,
621 3074 798 3149 Dominus
817 3075 926 3167 venit,
947 3075 1040 3150 ostia
1056 3075 1194 3173 pulsat:

181 3188 272 3264 Esto
291 3189 390 3286 vigil,
411 3190 485 3265 cito
503 3189 621 3287 pande
639 3190 742 3283 fores,
761 3190 828 3264 tibi
846 3218 959 3266 coena
977 3201 1134 3287 paratur.
