3030 4734
675 219 889 276 CARMINUM

387 408 488 486 Coeli
505 409 723 507 progeniem,
743 435 849 505 quam
869 406 1000 482 calami
1018 405 1118 481 leves

482 524 532 599 Et
548 523 692 621 linguae
710 523 831 598 fatuae
848 533 987 620 petunt.

386 639 471 714 Heu
488 651 628 716 torrens
645 639 724 713 vitii
743 639 882 714 saevior
901 639 937 711 in
956 637 1032 712 dies

483 755 614 830 Fertur
632 755 822 854 praecipiti
840 755 937 851 fuga,

386 870 436 944 Et
452 881 575 945 natam
594 870 749 967 genitrix
767 882 804 945 et
821 897 972 968 puerum
989 879 1093 967 pater

482 985 661 1084 Exemplo
677 985 859 1061 maculant
877 1012 952 1059 suc.
1075 1069 1077 1074 η

386 1101 576 1178 Balantem
596 1101 773 1199 pecudem
791 1128 862 1175 nnn
880 1101 1006 1198 genuit
1022 1100 1146 1198 lupus!

484 1217 622 1310 Sordet,
642 1217 703 1315 qui
720 1217 842 1314 tetigit
860 1218 993 1314 piceml

385 1331 516 1408 Infelix
534 1333 683 1426 soboles,
704 1332 916 1408 indomitum
936 1331 1037 1406 nefas

482 1447 621 1523 Plectet
639 1448 814 1546 supplicio
832 1447 943 1522 Deus,

371 1563 491 1638 Eheu
508 1591 577 1638 non
596 1563 736 1655 metuis,
757 1563 865 1660 plena
883 1561 1055 1638 scientiae

482 1679 616 1755 Christi
634 1678 845 1754 comminuis
863 1677 1007 1754 Fideml

384 1793 545 1870 Labatur
562 1794 706 1892 placido
725 1795 855 1892 cymba
873 1792 1046 1889 Feronia

480 1910 634 2008 Fragret
651 1910 737 1985 litus
755 1908 936 1983 odoribus:

377 2025 498 2101 'Donis
516 2027 650 2124 gaudet
668 2052 790 2117 ovans,
809 2035 1020 2100 nontamen
1038 2023 1138 2100 ebria

481 2142 587 2218 Recti
605 2142 752 2217 conscia
768 2167 869 2215 mens
886 2151 1012 2215 tumet.

383 2256 555 2333 Exundet
573 2258 723 2355 pelagus
741 2256 914 2331 limitibus
934 2256 1016 2349 suis,

480 2372 591 2448 Venti
608 2373 746 2471 proelia
760 2373 942 2472 misceant,

385 2487 637 2587 illatarumque
655 2500 761 2564 ruant
779 2488 937 2563 culmina
954 2487 1140 2582 montium,

480 2604 531 2679 Et
546 2617 710 2705 correpta
727 2633 791 2704 per
809 2617 928 2680 a'e'rem

383 2717 588 2796 Volvuntur
606 2721 733 2800 subitis
751 2723 867 2797 sidera
885 2722 1053 2798 molibus:

416 2849 419 2856 ’
481 2835 587 2910 Illam
605 2863 675 2911 non
693 2838 809 2935 agitat
826 2850 955 2913 metus.
997 2925 1000 2932 .

382 2951 506 3045 Novit,
526 2951 601 3027 fata
618 2953 694 3050 regi
712 2954 857 3028 numine
876 2943 1036 3052 provide,

481 3067 532 3142 Et
548 3094 673 3142 carum
693 3067 841 3166 Superis
861 3069 947 3167 pati,

382 3182 433 3256 Et
450 3194 598 3258 sanctae
615 3185 778 3258 meminit
796 3185 987 3259 ludibrium
1007 3185 1136 3277 crucis,

479 3299 529 3373 Et
546 3299 659 3373 vitam
676 3301 800 3375 recolit
817 3301 973 3394 brevem,

383 3415 482 3491 Mors
500 3426 556 3491 est
574 3427 672 3489 meta
688 3415 793 3490 malis
811 3415 947 3508 ultima
967 3416 1154 3514 pulverem

479 3532 601 3606 Aurae
620 3531 802 3628 disjiciunt
820 3532 928 3626 leves²

382 3646 442 3721 Ad
459 3646 580 3724 coelos
598 3647 738 3722 animus
755 3647 889 3724 funeris
906 3648 1094 3724 immemor

480 3764 624 3838 Pennae
641 3765 791 3862 remigio
809 3763 918 3839 velat.
