2930 4734
171 157 225 212 aaa
647 147 861 248 onnumuu

168 351 266 426 Fons
284 350 446 428 salientis
464 377 588 449 aquae,
610 377 757 449 serpens
776 351 1001 450 simplexque
1019 351 1198 448 columba,

168 466 218 542 Et
236 466 399 564 quaesita
416 493 528 564 pecus
545 466 778 564 quaesitaque
797 466 970 541 drachma
986 509 1036 520 -
1055 467 1118 542 sed
1135 468 1206 542 ista

170 581 360 660 Sufficiant
376 583 491 656 nobis.
510 581 605 673 Quid
624 608 759 676 censes,
780 582 918 679 optima
936 582 1068 657 Flora?

264 697 338 790 (F.)
356 698 498 774 Cuncta
514 697 589 772 fere
606 697 702 793 novi,
722 724 813 796 quae
831 697 968 795 profers
987 696 1093 772 docta
1110 700 1296 796 magistra,

165 811 297 888 Infelix
314 814 453 909 mulier,
471 839 562 911 quae
579 813 734 910 plurima
750 839 857 888 nosse
875 813 1033 906 videbar,

169 930 230 1004 Me
248 928 298 1003 nil
317 929 410 1005 scire
427 930 515 1004 scic.
534 929 663 1004 Libros
681 929 926 1026 supereminet
945 955 1068 1003 omnes

169 1043 324 1119 Divinus
340 1044 462 1138 codex,
484 1044 546 1118 sed
565 1044 667 1142 parvi
686 1044 855 1142 penditur
873 1043 975 1118 chen.

168 1159 249 1234 Has
267 1158 442 1234 adamabo
459 1185 583 1257 preces
600 1159 625 1235 J
629 1186 691 1234 esu
709 1170 904 1257 praeeunte
922 1159 1105 1256 magistro,

169 1273 376 1350 Exerccbor
394 1301 471 1372 ego,
493 1274 556 1350 sed
573 1285 613 1348 tu
631 1302 689 1349 me
707 1274 812 1372 plura
829 1273 984 1349 docebis,

575 1725 832 1800 IDYLLIUM
859 1726 927 1799 HI.

522 2001 748 2092 GEMMA,
774 2001 983 2077 FLORA.

184 2387 188 2396 ,
267 2314 344 2404 (G.)
365 2313 483 2406 Salve,
505 2313 613 2389 Flora
631 2340 765 2388 soror...
786 2325 994 2410 pertentant
1012 2313 1147 2410 gaudia
1164 2328 1329 2407 mentem,

172 2427 342 2504 Subridet
360 2428 517 2504 vultus...
537 2455 629 2526 quae
646 2429 739 2503 tanti
758 2455 869 2504 causa
886 2428 1036 2503 nitoris?

269 2542 338 2640 (F.)
359 2542 429 2634 Qui
447 2543 556 2618 fontis
575 2544 680 2618 vitrei
699 2543 868 2619 salientes
887 2544 1048 2619 hauserit
1065 2544 1190 2635 undae,

176 2656 300 2732 Gestit
318 2685 430 2734 ovans
447 2670 664 2756 curruntque
682 2659 802 2756 pedes,
823 2659 917 2756 petit
935 2659 1047 2733 ardna
1065 2659 1212 2734 montis:

170 2773 302 2848 Verbis
320 2773 423 2849 docta
440 2773 513 2848 tuis
530 2799 598 2871 ego
615 2783 718 2848 tanta
734 2773 883 2870 indigna
899 2773 1084 2870 magistra,

173 2888 289 2963 Fessa
306 2889 427 2964 labore
445 2890 549 2987 gravi
568 2889 762 2986 carpebam
780 2899 888 2964 nocte
907 2889 1076 2986 quietem,

172 3003 300 3079 Dulcis
318 3015 395 3079 erat
413 3031 568 3098 somnus,
587 3031 684 3079 nnnc
704 3005 843 3103 pollent
861 3005 998 3078 viribus
1017 3016 1132 3101 artus3

172 3118 233 3193 Me
251 3145 367 3194 novus
385 3119 489 3194 ardor
506 3120 617 3195 habet
634 3120 797 3196 discendi
816 3120 1037 3217 plurima-
1055 3120 1221 3217 Gemma,

171 3232 348 3309 Uberiora
365 3234 453 3310 mihi
470 3235 603 3310 referes
621 3246 818 3332 praecepta
836 3234 987 3310 salutis

268 3347 347 3434 (G.)
359 3349 453 3426 Cara
471 3349 615 3447 quidem
635 3377 785 3447 semper,
802 3351 865 3426 sed
882 3377 977 3426 nunc
997 3351 1193 3442 carissima,
1214 3353 1333 3427 verbis

172 3462 350 3539 Erudidre
367 3464 470 3562 meis,
489 3465 670 3563 permulta
687 3464 883 3562 doceberis,
902 3467 1060 3564 inquam.

174 3577 366 3654 Sermones
383 3580 568 3655 hominnm
587 3580 693 3672 (facit
710 3580 935 3679 experientia
950 3591 1110 3677 cautum)

177 3691 296 3767 Multa
314 3707 437 3770 serunt
455 3705 492 3771 et
509 3723 628 3794 pauca
644 3706 795 3790 metunt,
816 3696 879 3772 sed
897 3695 1257 3794 commoda'praebet

176 3805 301 3882 Ubera
318 3836 432 3886 sermo
450 3812 556 3888 Dei...
576 3839 718 3909 semper
734 3839 905 3887 mansura
922 3813 1071 3888 caducis

175 3921 351 4000 Utilioral
373 3925 490 4022 Soror,
512 3928 541 4002 si
559 3928 627 4003 rite
645 3939 775 4004 exacta
792 3929 972 4024 recordor,

171 4038 339 4115 Fundere
358 4040 466 4116 corde
484 4047 611 4139 preces
628 4068 873 4140 manuumque
892 4043 1060 4118 adamare
1078 4042 1237 4118 laborem

169 4154 225 4229 Te
245 4155 332 4232 satis
351 4157 481 4232 edocui
498 4199 547 4212 -
563 4185 736 4232 manuum
753 4158 854 4233 labor
871 4159 940 4234 istc
957 4157 1090 4232 laboris

1220 4338 1450 4694 a]
